@book{Bread2007,
    title = {{5 Industrial Enzymes 5.1}},
    year = {2007},
    author = {Bread, Introduction},
    pages = {99--262},
    isbn = {9783527316892}
}

@article{Wonga,
    title = {{56 -Amylases}},
    author = {Wong, Dominic W S and Robertson, George H}
}

@article{Ganesan2017,
    title = {{A Critical Review on Polyphenols and Health Benefits of Black Soybeans.}},
    year = {2017},
    journal = {Nutrients},
    author = {Ganesan, Kumar and Xu, Baojun},
    number = {5},
    month = {5},
    volume = {9},
    publisher = {Multidisciplinary Digital Publishing Institute  (MDPI)},
    url = {http://www.ncbi.nlm.nih.gov/pubmed/28471393 http://www.pubmedcentral.nih.gov/articlerender.fcgi?artid=PMC5452185},
    doi = {10.3390/nu9050455},
    issn = {2072-6643},
    pmid = {28471393},
    keywords = {antioxidants, black soybean, health benefits, human diseases, polyphenols}
}

@article{Nobre2002,
    title = {{A physiological and enzymatic study of Debaryomyces hansenii growth on xylose- and oxygen-limited chemostats}},
    year = {2002},
    journal = {Applied Microbiology and Biotechnology},
    author = {Nobre, A. and Duarte, L. and Roseiro, J. and G{\'{i}}rio, F.},
    number = {4-5},
    pages = {509--516},
    volume = {59},
    isbn = {0025300210},
    doi = {10.1007/s00253-002-1050-4},
    issn = {01757598},
    pmid = {12172618}
}

@article{Gu2017,
    title = {{A rapid analytical and quantitative evaluation of formaldehyde in squid based on Tri-step IR and partial least squares (PLS)}},
    year = {2017},
    journal = {Food Chemistry},
    author = {Gu, Dong Chen and Zou, Meng Jun and Guo, Xiao Xi and Yu, Pan and Lin, Zhi Wei and Hu, Tu and Wu, Ya Fen and Liu, Yuan and Gan, Jian Hong and Sun, Su Qin and Wang, Xi Chang and Xu, Chang Hua},
    pages = {458--463},
    volume = {229},
    doi = {10.1016/j.foodchem.2017.02.082},
    issn = {18737072},
    keywords = {Formaldehyde, Partial least squares, Quantitative detection model, Spectral curve-fitting analysis, Squid (Illex argentinus), Tri-step infrared spectroscopy}
}

@article{Gu2017b,
    title = {{A rapid analytical and quantitative evaluation of formaldehyde in squid based on Tri-step IR and partial least squares (PLS)}},
    year = {2017},
    journal = {Food Chemistry},
    author = {Gu, Dong-Chen and Zou, Meng-Jun and Guo, Xiao-Xi and Yu, Pan and Lin, Zhi-Wei and Hu, Tu and Wu, Ya-Fen and Liu, Yuan and Gan, Jian-Hong and Sun, Su-Qin and Wang, Xi-Chang and Xu, Chang-Hua},
    month = {8},
    pages = {458--463},
    volume = {229},
    publisher = {Elsevier},
    url = {https://www.sciencedirect.com/science/article/pii/S0308814617302790?via%3Dihub},
    doi = {10.1016/J.FOODCHEM.2017.02.082},
    issn = {0308-8146}
}

@article{Martins2001,
    title = {{A review of Maillard reaction in food and implications to kinetic modelling A review of Maillard reaction in food and implications to kinetic modelling}},
    year = {2001},
    journal = {Trends in Food Science and Technology},
    author = {Martins, Sara and Martins, Sara I F S and Jongen, Wim M F},
    pages = {364--373},
    volume = {11},
    doi = {10.1016/S0924-2244(01)00022-X}
}

@article{Palkova2014b,
    title = {{Aging and differentiation in yeast populations: Elders with different properties and functions}},
    year = {2014},
    journal = {FEMS Yeast Research},
    author = {Palkov{\'{a}}, Zdena and Wilkinson, Derek and V{\'{a}}chov{\'{a}}, Libuše},
    number = {1},
    pages = {96--108},
    volume = {14},
    doi = {10.1111/1567-1364.12103},
    issn = {15671356},
    pmid = {24119061},
    keywords = {Chronological aging and quiescence, Comparison of differentiated cell subpopulations, Saccharomyces cerevisiae, Starvation, Stationary-phase liquid cultures, Yeast colonies}
}

@article{Palkova2014a,
    title = {{Aging and differentiation in yeast populations: Elders with different properties and functions}},
    year = {2014},
    journal = {FEMS Yeast Research},
    author = {Palkov{\'{a}}, Zdena and Wilkinson, Derek and V{\'{a}}chov{\'{a}}, Libuše},
    number = {1},
    pages = {96--108},
    volume = {14},
    doi = {10.1111/1567-1364.12103},
    issn = {15671356},
    pmid = {24119061},
    keywords = {Chronological aging and quiescence, Comparison of differentiated cell subpopulations, Saccharomyces cerevisiae, Starvation, Stationary-phase liquid cultures, Yeast colonies}
}

@article{Palkova2014,
    title = {{Aging and differentiation in yeast populations: Elders with different properties and functions}},
    year = {2014},
    journal = {FEMS Yeast Research},
    author = {Palkov{\'{a}}, Zdena and Wilkinson, Derek and V{\'{a}}chov{\'{a}}, Libuše},
    number = {1},
    pages = {96--108},
    volume = {14},
    doi = {10.1111/1567-1364.12103},
    issn = {15671356},
    pmid = {24119061},
    keywords = {Chronological aging and quiescence, Comparison of differentiated cell subpopulations, Saccharomyces cerevisiae, Starvation, Stationary-phase liquid cultures, Yeast colonies}
}

@article{Castillo2011,
    title = {{Algorithms and tools for the preprocessing of LC–MS metabolomics data}},
    year = {2011},
    journal = {Chemometrics and Intelligent Laboratory Systems},
    author = {Castillo, Sandra and Gopalacharyulu, Peddinti and Yetukuri, Laxman and Ore{\v{s}}i{\v{c}}, Matej},
    number = {1},
    month = {8},
    pages = {23--32},
    volume = {108},
    publisher = {Elsevier},
    url = {https://www.sciencedirect.com/science/article/pii/S0169743911000608},
    doi = {10.1016/J.CHEMOLAB.2011.03.010},
    issn = {0169-7439}
}

@article{ISI:000303089700010,
    title = {{Alkylresorcinol Metabolite Concentrations in Spot Urine Samples Correlated with Whole Grain and Cereal Fiber Intake but Showed Low to Modest Reproducibility over One to Three Years in U.S. Women}},
    year = {2012},
    journal = {JOURNAL OF NUTRITION},
    author = {Landberg, Rikard and Townsend, Mary K and Neelakantan, Nithya and Sun, Qi and Sampson, Laura and Spiegelman, Donna and van Dam, Rob M},
    number = {5},
    month = {5},
    pages = {872--877},
    volume = {142},
    doi = {10.3945/jn.111.156398},
    issn = {0022-3166}
}

@book{Landberg2009,
    title = {{Alkylresorcinols as Biomarkers of Whole Grain Wheat and Rye Intake}},
    year = {2009},
    booktitle = {Sciences-New York},
    author = {Landberg, Rikard},
    isbn = {978-91-86195-58-8}
}

@article{ISI:000255012000007,
    title = {{Alkylresorcinols as biomarkers of whole-grain wheat and rye intake: plasma concentration and intake estimated from dietary records}},
    year = {2008},
    journal = {AMERICAN JOURNAL OF CLINICAL NUTRITION},
    author = {Landberg, Rikard and Kamal-Eldin, Afaf and Andersson, Agneta and Vessby, Bengt and Aman, Per},
    number = {4},
    month = {4},
    pages = {832--838},
    volume = {87},
    issn = {0002-9165}
}

@article{Renault2013,
    title = {{An innovative tool reveals interaction mechanisms among yeast populations under oenological conditions}},
    year = {2013},
    journal = {Applied Microbiology and Biotechnology},
    author = {Renault, P. E. and Albertin, W. and Bely, M.},
    number = {9},
    pages = {4105--4119},
    volume = {97},
    isbn = {0025301246605},
    doi = {10.1007/s00253-012-4660-5},
    issn = {14320614},
    pmid = {23292550},
    keywords = {Cell-cell contact, Quorum sensing, Saccharomyces cerevisiae, Torulaspora delbrueckii, Wine fermentation}
}

@article{Henderson2011,
    title = {{Analysis of major phospholipid species and ergosterol in fermenting industrial yeast strains using atmospheric pressure ionization ion-trap mass spectrometry}},
    year = {2011},
    journal = {Journal of Agricultural and Food Chemistry},
    author = {Henderson, Clark M. and Lozada-Contreras, Michelle and Naravane, Yashodhan and Longo, Marjorie L. and Block, David E.},
    number = {24},
    pages = {12761--12770},
    volume = {59},
    isbn = {1520-5118 (Electronic){\textbackslash}r0021-8561 (Linking)},
    doi = {10.1021/jf203203h},
    issn = {00218561},
    pmid = {21995817},
    keywords = {API-MS, HPLC, Yeast, ergosterol, ethanol, normal phase, phospholipid}
}

@article{Fu2016,
    title = {{Angiotensin I–converting enzyme–inhibitory peptides from bovine collagen: insights into inhibitory mechanism and transepithelial transport}},
    year = {2016},
    journal = {Food Research International},
    author = {Fu, Yu and Young, Jette Feveile and Rasmussen, Martin Krï¿½yer and Dalsgaard, Trine Kastrup and Lametsch, Renï¿½ and Aluko, Rotimi E. and Therkildsen, Margrethe},
    pages = {373--381},
    volume = {89},
    doi = {10.1016/j.foodres.2016.08.037},
    issn = {18737145},
    keywords = {Collagen peptides, angiotensin I-converting enzyme, digestive enzymes, molecular docking, non-competitive inhibition, transepithelial transport}
}

@article{Laane2003,
    title = {{Applications of Oxidoreductases in Foods}},
    year = {2003},
    journal = {Handbook of food enzymology.},
    author = {Laane, Colja and Bruggeman, Yvonne and Winkel, Chris},
    pages = {161--170},
    isbn = {0-8247-0686-2},
    doi = {10.1201/9780203910450.ch13}
}

@article{Westerhuis2008,
    title = {{Assessment of PLSDA cross validation}},
    year = {2008},
    journal = {Metabolomics},
    author = {Westerhuis, Johan A. and Hoefsloot, Huub C.J. and Smit, Suzanne and Vis, Daniel J. and Smilde, Age K. and Velzen, Ewoud J.J. and Duijnhoven, John P.M. and Dorsten, Ferdi A.},
    number = {1},
    pages = {81--89},
    volume = {4},
    isbn = {1573-3882},
    doi = {10.1007/s11306-007-0099-6},
    issn = {15733882},
    pmid = {1468841},
    keywords = {Classification, Cross model validation, PLSDA, Permutation testing}
}

@incollection{Lucas2014a,
    title = {{Baking}},
    year = {2014},
    booktitle = {Bakery Products Science and Technology},
    author = {Lucas, Tiphaine},
    pages = {335--354},
    publisher = {John Wiley {\&} Sons, Ltd},
    url = {http://dx.doi.org/10.1002/9781118792001.ch19},
    isbn = {9781118792001},
    doi = {10.1002/9781118792001.ch19},
    keywords = {bread baking, heat transport, starch gelatinization, structural changes, total water loss, water transport}
}

@article{Lucas2014,
    title = {{Baking}},
    year = {2014},
    journal = {Bakery Products Science and Technology},
    author = {Lucas, Tiphaine},
    pages = {335--354},
    isbn = {9781118792001},
    doi = {10.1002/9781118792001.ch19},
    issn = {1098-6596},
    pmid = {25246403},
    arxivId = {arXiv:1011.1669v3}
}

@article{Baik2008,
    title = {{Barley for food : Characteristics , improvement , and renewed interest}},
    year = {2008},
    journal = {Journal of Cereal Science},
    author = {Baik, Byung-kee and Ullrich, Steven E},
    pages = {233--242},
    volume = {48},
    doi = {10.1016/j.jcs.2008.02.002}
}

@misc{Baik2008b,
    title = {{Barley for food: Characteristics, improvement, and renewed interest}},
    year = {2008},
    booktitle = {Journal of Cereal Science},
    author = {Baik, Byung Kee and Ullrich, Steven E.},
    isbn = {0733-5210},
    doi = {10.1016/j.jcs.2008.02.002},
    issn = {07335210},
    keywords = {Barley, Food quality traits, Grain colour, Grain hardness, Grain processing, Health benefits, Hordeum vulgare, Trait genetics, {$\beta$}-glucans}
}

@book{Ullrich2010,
    title = {{Barley: Production, improvement, and uses}},
    year = {2010},
    author = {Ullrich, Steven E},
    editor = {Ullrich, Steven E},
    volume = {12},
    publisher = {John Wiley {\&} Sons},
    isbn = {0470958626}
}

@article{Moslehi-Jenabian2010,
    title = {{Beneficial effects of probiotic and food borne yeasts on human health.}},
    year = {2010},
    journal = {Nutrients},
    author = {Moslehi-Jenabian, Saloomeh and Pedersen, Line Lindegaard and Jespersen, Lene},
    number = {4},
    month = {4},
    pages = {449--73},
    volume = {2},
    publisher = {MDPI AG},
    url = {http://www.mdpi.com/2072-6643/2/4/449 http://www.ncbi.nlm.nih.gov/pubmed/22254033 http://www.pubmedcentral.nih.gov/articlerender.fcgi?artid=PMC3257658},
    doi = {10.3390/nu2040449},
    issn = {2072-6643},
    pmid = {22254033},
    keywords = {S. cerevisiae var. boulardii, folate, mycotoxins, phytate, probiotics, yeasts}
}

@article{Idehen2017,
    title = {{Bioactive phytochemicals in barley}},
    year = {2017},
    journal = {Journal of Food and Drug Analysis},
    author = {Idehen, Emmanuel and Tang, Yao and Sang, Shengmin},
    number = {1},
    pages = {148--161},
    volume = {25},
    publisher = {Elsevier Ltd},
    url = {http://dx.doi.org/10.1016/j.jfda.2016.08.002},
    isbn = {1021-9498},
    doi = {10.1016/j.jfda.2016.08.002},
    issn = {10219498},
    pmid = {28911532},
    keywords = {barley, disease prevention, fiber, phytochemicals, whole grain}
}

@article{ISI:000312949600026,
    title = {{Can we consider plasma alkyresorcinols as a potential biomarker of whole-grain food?}},
    year = {2012},
    journal = {AMERICAN JOURNAL OF CLINICAL NUTRITION},
    author = {Zheng, Liang and Zou, Liling and Xiu, Jianfeng and Da, Wo and Li, Jue},
    number = {5},
    month = {11},
    pages = {1150--1151},
    volume = {96},
    publisher = {AMER SOC NUTRITION-ASN},
    address = {9650 ROCKVILLE PIKE, BETHESDA, MD 20814 USA},
    doi = {10.3945/ajcn.112.046060},
    issn = {0002-9165}
}

@article{Yi2016a,
    title = {{Chemometric methods in data processing of mass spectrometry-based metabolomics: A review}},
    year = {2016},
    journal = {Analytica Chimica Acta},
    author = {Yi, Lunzhao and Dong, Naiping and Yun, Yonghuan and Deng, Baichuan and Ren, Dabing and Liu, Shao and Liang, Yizeng},
    pages = {17--34},
    volume = {914},
    isbn = {1873-4324 (Electronic){\textbackslash}r0003-2670 (Linking)},
    doi = {10.1016/j.aca.2016.02.001},
    issn = {18734324},
    pmid = {26965324},
    keywords = {Biomarker, Chemometrics, Data preprocessing, Identification of metabolites, Metabolomics, Modeling}
}

@article{Yi2016,
    title = {{Chemometric methods in data processing of mass spectrometry-based metabolomics: A review}},
    year = {2016},
    journal = {Analytica Chimica Acta},
    author = {Yi, Lunzhao and Dong, Naiping and Yun, Yonghuan and Deng, Baichuan and Ren, Dabing and Liu, Shao and Liang, Yizeng},
    pages = {17--34},
    volume = {914},
    publisher = {Elsevier Ltd},
    url = {http://dx.doi.org/10.1016/j.aca.2016.02.001},
    isbn = {1873-4324 (Electronic){\textbackslash}r0003-2670 (Linking)},
    doi = {10.1016/j.aca.2016.02.001},
    issn = {18734324},
    pmid = {26965324},
    keywords = {Biomarker, Chemometrics, Data preprocessing, Identification of metabolites, Metabolomics, Modeling}
}

@article{Mogens2000,
    title = {{Classification of yeasts}},
    year = {2000},
    journal = {The Yeasts, Biology of Yeasts (second edition)},
    author = {Mogens, Jakobsen and Lene, Jespersen},
    number = {January 2000},
    pages = {5--61},
    isbn = {0-12-596411-0},
    keywords = {Ascosporogenous Yeasts, Basidiosporogenous Yeasts, Fungi, Genus, Higher Taxa, Identification, Imperfect Yeasts, Species}
}

@article{Singleton1965,
    title = {{Colorimetry of Total Phenolics with Phosphomolybdic-Phosphotungstic Acid Reagents}},
    year = {1965},
    journal = {American Journal of Enology and Viticulture},
    author = {Singleton, V L and Rossi Jr., Joseph A and {Rossi J A Jr.}},
    number = {3},
    month = {1},
    pages = {144--158},
    volume = {16},
    publisher = {American Society of Enologists},
    url = {http://www.ajevonline.org/content/16/3/144.short http://www.ajevonline.org/cgi/content/abstract/16/3/144},
    isbn = {0002-9254},
    doi = {10.12691/ijebb-2-1-5},
    issn = {00029254},
    pmid = {25246403},
    arxivId = {arXiv:1011.1669v3}
}

@article{Fiehn2001,
    title = {{Combining genomics, metabolome analysis, and biochemical modelling to understand metabolic networks}},
    year = {2001},
    journal = {Comparative and Functional Genomics},
    author = {Fiehn, O.},
    number = {3},
    pages = {155--168},
    volume = {2},
    isbn = {1531-6912 (Print){\textbackslash}n1531-6912 (Linking)},
    doi = {10.1002/cfg.82},
    issn = {15316912},
    pmid = {18628911},
    keywords = {Functional genomics, Mass spectrometry, Mathematical modeling, Metabolism, Metabolite profiling}
}

@article{Brouwer-Brolsma2017,
    title = {{Combining traditional dietary assessment methods with novel metabolomics techniques: Present efforts by the Food Biomarker Alliance}},
    year = {2017},
    journal = {Proceedings of the Nutrition Society},
    author = {Brouwer-Brolsma, Elske M. and Brennan, Lorraine and Drevon, Christian A. and Van Kranen, Henk and Manach, Claudine and Dragsted, Lars Ove and Roche, Helen M. and Andres-Lacueva, Cristina and Bakker, Stephan J.L. and Bouwman, Jildau and Capozzi, Francesco and De Saeger, Sarah and Gundersen, Thomas E. and Kolehmainen, Marjukka and Kulling, Sabine E. and Landberg, Rikard and Linseisen, Jakob and Mattivi, Fulvio and Mensink, Ronald P. and Scaccini, Cristina and Skurk, Thomas and Tetens, Inge and Vergeres, Guy and Wishart, David S. and Scalbert, Augustin and Feskens, Edith J.M.},
    isbn = {1475-2719 (Electronic)0029-6651 (Linking)},
    doi = {10.1017/S0029665117003949},
    issn = {14752719},
    pmid = {29137687},
    keywords = {Dietary assessment, Food intake biomarkers, Food metabolome, Metabolomics}
}

@article{Yandamuri2013,
    title = {{Comparative Study of New Trends in HPLC : A Review}},
    year = {2013},
    author = {Yandamuri, Narayudu and Nagabattula, K R Srinivas and Kurra, Subrahmanya Swamy and Batthula, Sahana and Allada, L P S Nainesha and Bandam, Poojitha},
    number = {2},
    pages = {52--57},
    volume = {23},
    issn = {0976044X},
    keywords = {hplc, liquid chromatography, nano lc, rrlc, uflc, uplc}
}

@article{Yandamuri2013a,
    title = {{Comparative Study of New Trends in HPLC : A Review}},
    year = {2013},
    author = {Yandamuri, Narayudu and Nagabattula, K R Srinivas and Kurra, Subrahmanya Swamy and Batthula, Sahana and Allada, L P S Nainesha and Bandam, Poojitha},
    issn = {0976044X},
    keywords = {hplc, liquid chromatography, nano lc, rrlc, uflc, uplc}
}

@article{Caylak1998,
    title = {{Comparison of different production processes for bioethanol}},
    year = {1998},
    journal = {Turkish Journal of Chemistry},
    author = {{\c{C}}aylak, Belkis and Vardar Sukan, Fazilet},
    number = {4},
    pages = {351--359},
    volume = {22},
    isbn = {1010-7614},
    issn = {13000527}
}

@article{Ma1996,
    title = {{Comparison of ethanol plasma-protein precipitation with plasma ultrafiltration and trichloroacetic acid protein precipitation for the measurement of unbound platinum concentrations}},
    year = {1996},
    journal = {Cancer Chemotherapy and Pharmacology},
    author = {Ma, Jianguo and Stoter, Gerrit and Verweij, Jaap and Schellens, J H M},
    number = {4},
    pages = {391--394},
    volume = {38},
    url = {https://doi.org/10.1007/s002800050501},
    doi = {10.1007/s002800050501},
    issn = {1432-0843}
}

@article{Jonsson2015,
    title = {{Constrained randomization and multivariate effect projections improve information extraction and biomarker pattern discovery in metabolomics studies involving dependent samples}},
    year = {2015},
    journal = {Metabolomics},
    author = {Jonsson, Pär and Wuolikainen, Anna and Thysell, Elin and Chorell, Elin and Stattin, Pär and Wikstr{\"{o}}m, Pernilla and Antti, Henrik},
    number = {6},
    volume = {11},
    isbn = {1573-3882 (Print)},
    doi = {10.1007/s11306-015-0818-3},
    issn = {15733890},
    pmid = {26491420}
}

@article{Ylitervo2014,
    title = {{Continuous ethanol production with a membrane bioreactor at high acetic acid concentrations}},
    year = {2014},
    journal = {Membranes},
    author = {Ylitervo, Päivi and Franz{\'{e}}n, Carl Johan and Taherzadeh, Mohammad J.},
    number = {3},
    pages = {372--387},
    volume = {4},
    isbn = {2077-0375},
    doi = {10.3390/membranes4030372},
    issn = {20770375},
    pmid = {25028956},
    keywords = {Acetic acid, Bioethanol, Cell retention, Membrane bioreactor, Yeast}
}

@article{Saha2017,
    title = {{Continuous production of bioethanol from sugarcane bagasse and downstream purification using membrane integrated bioreactor}},
    year = {2017},
    journal = {Catalysis Today},
    author = {Saha, Koel and Maharana, Abhishek and Sikder, Jaya and Chakraborty, Sudip and Curcio, Stefano and Drioli, Enrico},
    month = {12},
    publisher = {Elsevier},
    url = {https://www.sciencedirect.com/science/article/pii/S0920586117308106},
    doi = {10.1016/J.CATTOD.2017.11.031},
    issn = {0920-5861}
}

@article{Lund2017,
    title = {{Control of Maillard Reactions in Foods: Strategies and Chemical Mechanisms}},
    year = {2017},
    journal = {Journal of Agricultural and Food Chemistry},
    author = {Lund, Marianne N. and Ray, Colin A.},
    number = {23},
    pages = {4537--4552},
    volume = {65},
    doi = {10.1021/acs.jafc.7b00882},
    issn = {15205118},
    keywords = {Maillard, advanced glycation endproducts, food, plant polyphenols, protein glycation, protein modifications, {$\alpha$}-dicarbonyls}
}

@article{Lund2017a,
    title = {{Control of Maillard Reactions in Foods: Strategies and Chemical Mechanisms}},
    year = {2017},
    journal = {Journal of Agricultural and Food Chemistry},
    author = {Lund, Marianne N. and Ray, Colin A.},
    number = {23},
    pages = {4537--4552},
    volume = {65},
    doi = {10.1021/acs.jafc.7b00882},
    issn = {15205118},
    keywords = {Maillard, advanced glycation endproducts, food, plant polyphenols, protein glycation, protein modifications, {$\alpha$}-dicarbonyls}
}

@phdthesis{gurdenizdata,
    title = {{Data Handling Strategies in Nutritional Metabolomics: Illustrated Using Metabolic States and Trans-fat Exposures}},
    year = {2013},
    author = {G{\"{u}}rdeniz, Gürdeniz},
    pages = {162},
    publisher = {Faculty of Science, University og Copenhagen},
    url = {https://books.google.dk/books?id=GamtmwEACAAJ},
    isbn = {9788776115616}
}

@article{Jensen2016,
    title = {{Detecting Beer Intake by Unique Metabolite Patterns}},
    year = {2016},
    author = {Jensen, Morten Georg and Meier, Sebastian and Bech, Lene and Lund, Erik and Dragsted, Lars Ove},
    doi = {10.1021/acs.jproteome.6b00635},
    keywords = {barley, beer, biomarker model, hops, metabolomics, plasma, uplc-qtof, urine}
}

@article{ISI:000227433800001,
    title = {{Dietary alkylresorcinols: Absorption, bioactivities, and possible use as biomarkers of whole-grain wheat- and rye-rich foods}},
    year = {2004},
    journal = {NUTRITION REVIEWS},
    author = {Ross, A B and Kamal-Eldin, A and Aman, P},
    number = {3},
    month = {3},
    pages = {81--95},
    volume = {62},
    doi = {10.1301/nr.2004.mar.81-95},
    issn = {0029-6643}
}

@article{Dragsted2017,
    title = {{Dietary and health biomarkers—time for an update}},
    year = {2017},
    journal = {Genes and Nutrition},
    author = {Dragsted, Lars O. and Gao, Qian and Pratic{\`{o}}, Giulia and Manach, Claudine and Wishart, David S. and Scalbert, Augustin and Feskens, Edith J.M.},
    number = {1},
    pages = {1--7},
    volume = {12},
    publisher = {Genes {\&} Nutrition},
    doi = {10.1186/s12263-017-0578-y},
    issn = {18653499},
    pmid = {28974991},
    keywords = {Biomarker, Classification, Databases, Food intake, Metabolomics, Nutrition, Ontology, Review, Validation}
}

@article{SUKATTA2013,
    title = {{Distribution of Major Xanthones in the Pericarp, Aril, and Yellow Gum of Mangosteen ( Garcinia Mangostana Linn.) Fruit and Their Contribution to Antioxidative Activity}},
    year = {2013},
    journal = {Bioscience, Biotechnology, and Biochemistry},
    author = {SUKATTA, Udomlak and TAKENAKA, Makiko and ONO, Hiroshi and OKADOME, Hiroshi and SOTOME, Itaru and NANAYAMA, Kazuko and THANAPASE, Warunee and ISOBE, Seiichiro},
    doi = {10.1271/bbb.120931},
    issn = {0916-8451},
    pmid = {23649258}
}

@article{Al-Attabi2017,
    title = {{Effect of barley flour addition on the physico-chemical properties of dough and structure of bread}},
    year = {2017},
    journal = {Journal of Cereal Science},
    author = {Al-Attabi, Zahir Humaid and Merghani, Taha Mohammed and Ali, Amanat and Rahman, Mohammad Shafiur},
    month = {5},
    pages = {61--68},
    volume = {75},
    publisher = {Academic Press},
    url = {https://www.sciencedirect.com/science/article/pii/S0733521017302631},
    doi = {10.1016/J.JCS.2017.03.021},
    issn = {0733-5210}
}

@article{Jongberg2011b,
    title = {{Effect of white grape extract and modified atmosphere packaging on lipid and protein oxidation in chill stored beef patties}},
    year = {2011},
    journal = {Food Chemistry},
    author = {Jongberg, Sisse and Skov, Sabina H. and T{\o}rngren, Mari Ann and Skibsted, Leif H. and Lund, Marianne N.},
    number = {2},
    month = {9},
    pages = {276--283},
    volume = {128},
    url = {http://www.ncbi.nlm.nih.gov/pubmed/25212132 http://linkinghub.elsevier.com/retrieve/pii/S0308814611003967},
    doi = {10.1016/j.foodchem.2011.03.015},
    issn = {03088146},
    pmid = {25212132},
    keywords = {Beef patties, Disulphide formation, Modified atmosphere packaging, Natural antioxidants, Oxidative stability, Protein carbonyls}
}

@article{Benito2015,
    title = {{Effect on quality and composition of Riesling wines fermented by sequential inoculation with non-Saccharomyces and Saccharomyces cerevisiae}},
    year = {2015},
    journal = {European Food Research and Technology},
    author = {Benito, Santiago and Hofmann, Theresa and Laier, Marcus and Lochb{\~{A}}¼hler, Bernd and Sch{\~{A}}¼ttler, Armin and Ebert, Kristin and Fritsch, Stefanie and R{\~{A}}{\P}cker, Jessica and Rauhut, Doris},
    number = {5},
    pages = {707--717},
    volume = {241},
    publisher = {Springer Berlin Heidelberg},
    isbn = {0021701524978},
    doi = {10.1007/s00217-015-2497-8},
    issn = {14382385},
    keywords = {Non-Saccharomyces, Pyruvic acid, Riesling, Saccharomyces cerevisiae, Volatile compounds}
}

@article{Veiga2003,
    title = {{Energy conversion coupled to cyanide-resistant respiration in the yeasts Pichia membranifaciens and Debaryomyces hansenii}},
    year = {2003},
    journal = {FEMS Yeast Research},
    author = {Veiga, Alexandra and Arraba{\c{c}}a, João D. and Sansonetty, Filipe and Ludovico, Paula and C{\^{o}}rte-Real, Manuela and Loureiro-Dias, Maria C.},
    number = {2},
    pages = {141--148},
    volume = {3},
    isbn = {1567-1356 (Print){\textbackslash}r1567-1356 (Linking)},
    doi = {10.1016/S1567-1356(02)00189-7},
    issn = {15671356},
    pmid = {12702446},
    keywords = {Cyanide-resistant respiration, Debaryomyces hansenii, Energy conversion, Pichia membranifaciens}
}

@article{Zheng2009,
    title = {{Enhancing polyphenol extraction from unripe apples by carbohydrate-hydrolyzing enzymes}},
    year = {2009},
    journal = {Journal of Zhejiang University. Science. B},
    author = {Zheng, Hu-zhe and Hwang, In-Wook and Chung, Shin-Kyo},
    number = {12},
    month = {12},
    pages = {912--919},
    volume = {10},
    publisher = {Zhejiang University Press},
    url = {http://www.ncbi.nlm.nih.gov/pmc/articles/PMC2789526/},
    address = {Hangzhou},
    doi = {10.1631/jzus.B0920186},
    issn = {1673-1581}
}

@article{Poojary2017,
    title = {{Enzyme-assisted extraction enhancing the umami taste amino acids recovery from several cultivated mushrooms}},
    year = {2017},
    journal = {Food Chemistry},
    author = {Poojary, Mahesha M. and Orlien, Vibeke and Passamonti, Paolo and Olsen, Karsten},
    pages = {236--244},
    volume = {234},
    publisher = {Elsevier Ltd},
    url = {http://dx.doi.org/10.1016/j.foodchem.2017.04.157},
    doi = {10.1016/j.foodchem.2017.04.157},
    issn = {18737072},
    pmid = {28551231},
    keywords = {Enzyme-assisted extraction, Flavourzyme{\textregistered}, MSG-like, Mushrooms, Umami}
}

@article{Chen2011,
    title = {{Enzyme-assisted extraction of flavonoids from Ginkgo biloba leaves: Improvement effect of flavonol transglycosylation catalyzed by Penicillium decumbens cellulase}},
    year = {2011},
    journal = {Enzyme and Microbial Technology},
    author = {Chen, Shuo and Xing, Xin-Hui and Huang, Jian-Jun and Xu, Ming-Shu},
    number = {1},
    month = {1},
    pages = {100--105},
    volume = {48},
    publisher = {Elsevier},
    url = {https://www.sciencedirect.com/science/article/pii/S0141022910002103?via%3Dihub},
    doi = {10.1016/J.ENZMICTEC.2010.09.017},
    issn = {0141-0229}
}

@article{Fincher2002,
    title = {{Enzymic Hydrolysis of Cereal (1 {\_} 3,1 {\_} 4)-{\_}-Glucans}},
    year = {2002},
    journal = {Handbook of Food Enzymology},
    author = {Fincher, Geoffrey and Hrmova, Maria},
    url = {http://dx.doi.org/10.1201/9780203910450.ch74},
    isbn = {978-0-8247-0686-9},
    doi = {doi:10.1201/9780203910450.ch74}
}

@article{Matsushika2009a,
    title = {{Ethanol production from xylose in engineered Saccharomyces cerevisiae strains: Current state and perspectives}},
    year = {2009},
    journal = {Applied Microbiology and Biotechnology},
    author = {Matsushika, Akinori and Inoue, Hiroyuki and Kodaki, Tsutomu and Sawayama, Shigeki},
    number = {1},
    pages = {37--53},
    volume = {84},
    isbn = {0175-7598},
    doi = {10.1007/s00253-009-2101-x},
    issn = {01757598},
    pmid = {19572128},
    keywords = {Ethanol production, Lignocellulosic biomass, Metabolic engineering, Saccharomyces cerevisiae, Xylose fermentation}
}

@article{Matsushika2009,
    title = {{Ethanol production from xylose in engineered Saccharomyces cerevisiae strains: Current state and perspectives}},
    year = {2009},
    journal = {Applied Microbiology and Biotechnology},
    author = {Matsushika, Akinori and Inoue, Hiroyuki and Kodaki, Tsutomu and Sawayama, Shigeki},
    number = {1},
    pages = {37--53},
    volume = {84},
    isbn = {0175-7598},
    doi = {10.1007/s00253-009-2101-x},
    issn = {01757598},
    pmid = {19572128},
    keywords = {Ethanol production, Lignocellulosic biomass, Metabolic engineering, Saccharomyces cerevisiae, Xylose fermentation}
}

@article{Henderson2014,
    title = {{Examining the role of membrane lipid composition in determining the ethanol tolerance of saccharomyces cerevisiae}},
    year = {2014},
    journal = {Applied and Environmental Microbiology},
    author = {Henderson, Clark M. and Block, David E.},
    number = {10},
    pages = {2966--2972},
    volume = {80},
    doi = {10.1128/AEM.04151-13},
    issn = {10985336},
    pmid = {24610851}
}

@article{FOX1993,
    title = {{Exogenous Enzymes in Dairy Technology — a Review}},
    year = {1993},
    journal = {Journal of Food Biochemistry},
    author = {FOX, P. F.},
    number = {3},
    pages = {173--199},
    volume = {17},
    isbn = {978-0-8247-0686-9},
    doi = {10.1111/j.1745-4514.1993.tb00466.x},
    issn = {17454514}
}

@article{Stratford2013,
    title = {{Extreme resistance to weak-acid preservatives in the spoilage yeast Zygosaccharomyces bailii}},
    year = {2013},
    journal = {International Journal of Food Microbiology},
    author = {Stratford, Malcolm and Steels, Hazel and Nebe-von-Caron, Gerhard and Novodvorska, Michaela and Hayer, Kimran and Archer, David B.},
    number = {1},
    pages = {126--134},
    volume = {166},
    publisher = {Elsevier B.V.},
    url = {http://dx.doi.org/10.1016/j.ijfoodmicro.2013.06.025},
    isbn = {0168-1605},
    doi = {10.1016/j.ijfoodmicro.2013.06.025},
    issn = {18793460},
    pmid = {23856006},
    keywords = {Acetic acid, Cross resistance, Intracellular pH, Population heterogeneity, Sorbic acid, Spoilage}
}

@book{FAO2016,
    title = {{FAO Statistics}},
    year = {2016},
    booktitle = {Food and Agriculture Organization of the United Nations},
    author = {{FAO}},
    isbn = {9789251088029},
    doi = {978-92-5-108802-9},
    issn = {20420048},
    pmid = {24782940},
    arxivId = {arXiv:1011.1669v3}
}

@misc{Nations,
    title = {{FAOSTAT statistics database}},
    author = {Nations, Food and Agriculture Organization of the United},
    publisher = {[Rome?] : FAO, 1998-},
    url = {https://search.library.wisc.edu/catalog/999882363002121}
}

@article{DaviesMichael2012,
    title = {{Free Radicals, Oxidants and Protein Damage}},
    year = {2012},
    journal = {Australian Biochemist},
    author = {{Davies Michael}},
    number = {1},
    pages = {8--12},
    volume = {43}
}

@article{DaviesMichael2012a,
    title = {{Free Radicals, Oxidants and Protein Damage}},
    year = {2012},
    journal = {Australian Biochemist},
    author = {{Davies Michael}},
    number = {1},
    pages = {8--12},
    volume = {43}
}

@article{Gasch2000,
    title = {{Genomic expression programs in the response of yeast cells to environmental changes}},
    year = {2000},
    journal = {Mol.Biol.Cell},
    author = {Gasch, A P and Spellman, P T and Kao, C M and Carmel-Harel, O and Eisen, M B and Storz, G and Botstein, D and Brown, P O},
    number = {12},
    pages = {4241--4257},
    volume = {11},
    pmid = {11102521},
    keywords = {Biochemistry, Cells, Dna, Drug, Expression, Gene, Saccharomyces cerevisiae, Temperature, United States, ca}
}

@incollection{Nielsen2017,
    title = {{Global Monitoring of the Mammalian Lipidome by Quantitative Shotgun Lipidomics}},
    year = {2017},
    booktitle = {Lipidomics: Methods and Protocols},
    author = {Nielsen, Inger Ødum and Maeda, Kenji and Bilgin, Mesut},
    editor = {Bhattacharya, Sanjoy K},
    pages = {123--139},
    publisher = {Springer New York},
    url = {https://doi.org/10.1007/978-1-4939-6996-8_12},
    address = {New York, NY},
    isbn = {978-1-4939-6996-8},
    doi = {10.1007/978-1-4939-6996-8{\_}12}
}

@article{Ameer2017,
    title = {{Green Extraction Methods for Polyphenols from Plant Matrices and Their Byproducts: A Review}},
    year = {2017},
    journal = {Comprehensive Reviews in Food Science and Food Safety},
    author = {Ameer, Kashif and Shahbaz, Hafiz Muhammad and Kwon, Joong Ho},
    number = {2},
    pages = {295--315},
    volume = {16},
    doi = {10.1111/1541-4337.12253},
    issn = {15414337},
    keywords = {microwave-assisted extraction (MAE), polyphenols, pressurized hot water extraction (PHWE), pressurized liquid extraction (PLE), supercritical fluid extraction (SFE), ultrasound-assisted extraction (UAE)}
}

@article{Jansson2017,
    title = {{Green Tea Polyphenols Decrease Strecker Aldehydes and Bind to Proteins in Lactose-Hydrolyzed UHT Milk}},
    year = {2017},
    journal = {Journal of Agricultural and Food Chemistry},
    author = {Jansson, Therese and Rauh, Valentin and Danielsen, Bente P. and Poojary, Mahesha M. and Waehrens, Sandra S. and Bredie, Wender L.P. and S{\o}rensen, John and Petersen, Mikael A. and Ray, Colin A. and Lund, Marianne N.},
    number = {48},
    pages = {10550--10561},
    volume = {65},
    doi = {10.1021/acs.jafc.7b04137},
    issn = {15205118},
    pmid = {29119790},
    keywords = {Maillard reaction, Strecker aldehydes, UHT, epigallocatechin gallate, flavor, green tea extract, lactose-hydrolyzed milk, protein-polyphenol binding, shelf life, storage stability, {$\alpha$}-dicarbonyls}
}

@article{Pratico2018,
    title = {{Guidelines for Biomarker of Food Intake Reviews (BFIRev): How to conduct an extensive literature search for biomarker of food intake discovery}},
    year = {2018},
    journal = {Genes and Nutrition},
    author = {Pratic{\`{o}}, Giulia and Gao, Qian and Scalbert, Augustin and Verg{\`{e}}res, Guy and Kolehmainen, Marjukka and Manach, Claudine and Brennan, Lorraine and Pedapati, Sri Harsha and Afman, Lydia A. and Wishart, David S. and V{\'{a}}zquez-Fresno, Rosa and Lacueva, Cristina Andres and Garcia-Aloy, Mar and Verhagen, Hans and Feskens, Edith J.M. and Dragsted, Lars O.},
    number = {1},
    volume = {13},
    publisher = {Genes {\&} Nutrition},
    doi = {10.1186/s12263-018-0592-8},
    issn = {18653499},
    pmid = {29484030},
    keywords = {Biomarkers, Food exposure markers, Literature search methodology, Metabolomics, Systematic review}
}

@article{hmdb,
    title = {{HMDB 4.0: the human metabolome database for 2018.}},
    year = {2018},
    journal = {Nucleic acids research},
    author = {Wishart, David S and Feunang, Yannick Djoumbou and Marcu, Ana and Guo, An Chi and Liang, Kevin and Vazquez-Fresno, Rosa and Sajed, Tanvir and Johnson, Daniel and Li, Carin and Karu, Naama and Sayeeda, Zinat and Lo, Elvis and Assempour, Nazanin and Berjanskii, Mark and Singhal, Sandeep and Arndt, David and Liang, Yonjie and Badran, Hasan and Grant, Jason and Serra-Cayuela, Arnau and Liu, Yifeng and Mandal, Rupa and Neveu, Vanessa and Pon, Allison and Knox, Craig and Wilson, Michael and Manach, Claudine and Scalbert, Augustin},
    number = {D1},
    month = {1},
    pages = {D608-D617},
    volume = {46},
    doi = {10.1093/nar/gkx1089},
    issn = {1362-4962 (Electronic)},
    pmid = {29140435},
    language = {eng}
}

@article{Branco2014,
    title = {{Identification of novel GAPDH-derived antimicrobial peptides secreted by Saccharomyces cerevisiae and involved in wine microbial interactions}},
    year = {2014},
    journal = {Applied Microbiology and Biotechnology},
    author = {Branco, Patrícia and Francisco, Diana and Chambon, Christophe and H{\'{e}}braud, Michel and Arneborg, Nils and Almeida, Maria Gabriela and Caldeira, Jorge and Albergaria, Helena},
    number = {2},
    month = {1},
    pages = {843--853},
    volume = {98},
    url = {http://www.ncbi.nlm.nih.gov/pubmed/24292082 http://link.springer.com/10.1007/s00253-013-5411-y},
    doi = {10.1007/s00253-013-5411-y},
    issn = {0175-7598},
    pmid = {24292082}
}

@article{Kemsawasd2015,
    title = {{Influence of nitrogen sources on growth and fermentation performance of different wine yeast species during alcoholic fermentation}},
    year = {2015},
    journal = {Applied Microbiology and Biotechnology},
    author = {Kemsawasd, Varongsiri and Viana, Tiago and Ard??, Ylva and Arneborg, Nils},
    number = {23},
    pages = {10191--10207},
    volume = {99},
    isbn = {1432-0614},
    doi = {10.1007/s00253-015-6835-3},
    issn = {14320614},
    pmid = {26257263},
    keywords = {Nitrogen sources, Non-Saccharomyces species, Oxygen-limited fermentation, Saccharomyces cerevisiae}
}

@article{Cheng2009,
    title = {{Inhibition of mutagenic PhIP formation by epigallocatechin gallate via scavenging of phenylacetaldehyde}},
    year = {2009},
    journal = {Molecular Nutrition and Food Research},
    author = {Cheng, Ka Wing and Wong, Chi Chun and Chao, Jianfei and Lo, Clive and Chen, Feng and Chu, Ivan K. and Che, Chi Ming and Ho, Chi Tang and Wang, Mingfu},
    number = {6},
    pages = {716--725},
    volume = {53},
    isbn = {1613-4133 (Electronic){\textbackslash}r1613-4125 (Linking)},
    doi = {10.1002/mnfr.200800206},
    issn = {16134125},
    pmid = {19437482},
    keywords = {Adducts, Chemical model reactions, Epigallocatechin gallate peracetate, PhIP, Phenylacetaldehyde}
}

@article{Berg2017,
    title = {{Inline UV-Vis spectroscopy to monitor and optimize cleaning-in-place (CIP) of whey filtration plants}},
    year = {2017},
    journal = {LWT - Food Science and Technology},
    author = {Berg, Thilo H.A. and Ottosen, Niels and van den Berg, Franciscus and Ipsen, Richard},
    doi = {10.1016/j.lwt.2016.08.014},
    issn = {00236438},
    keywords = {Cleaning-in-place, In-line, UV spectroscopy, Ultrafiltration, Whey}
}

@article{Orij2011,
    title = {{Intracellular pH is a tightly controlled signal in yeast}},
    year = {2011},
    journal = {Biochimica et Biophysica Acta - General Subjects},
    author = {Orij, Rick and Brul, Stanley and Smits, Gertien J.},
    number = {10},
    pages = {933--944},
    volume = {1810},
    publisher = {Elsevier B.V.},
    url = {http://dx.doi.org/10.1016/j.bbagen.2011.03.011},
    isbn = {0304-4165},
    doi = {10.1016/j.bbagen.2011.03.011},
    issn = {03044165},
    pmid = {21421024},
    keywords = {Cytosolic pH, Dynamic regulation, Homeostasis, Nutrient signalling, Second messenger}
}

@article{Rorke2017,
    title = {{Kinetics of bioethanol production from waste sorghum leaves using Saccharomyces cerevisiae BY4743}},
    year = {2017},
    journal = {Fermentation},
    author = {Rorke, Daneal and Kana, Evariste Gueguim},
    number = {2},
    pages = {19},
    volume = {3},
    url = {http://www.mdpi.com/2311-5637/3/2/19},
    doi = {10.3390/fermentation3020019},
    issn = {2311-5637},
    keywords = {Monod equation, bioethanol, modified Gompertz equation, sorghum leaves}
}

@article{ISI:000235234700009,
    title = {{Kinetics of the appearance of cereal alkylresorcinols in pig plasma}},
    year = {2006},
    journal = {BRITISH JOURNAL OF NUTRITION},
    author = {Linko, A M and Ross, A B and Kamal-Eldin, A and Serena, A and Kjaer, A K B and Jorgensen, H and Penalvo, J L and Adlercreutz, H and Aman, P and Knudsen, K E B},
    number = {2},
    month = {2},
    pages = {282--287},
    volume = {95},
    doi = {10.1079/BJN20051642},
    issn = {0007-1145}
}

@article{Wong,
    title = {{Lipase}},
    author = {Wong, Dominic W S},
    number = {4}
}

@article{Forcisi2013,
    title = {{Liquid chromatography-mass spectrometry in metabolomics research: Mass analyzers in ultra high pressure liquid chromatography coupling}},
    year = {2013},
    journal = {Journal of Chromatography A},
    author = {Forcisi, Sara and Moritz, Franco and Kanawati, Basem and Tziotis, Dimitrios and Lehmann, Rainer and Schmitt-Kopplin, Philippe},
    pages = {51--65},
    volume = {1292},
    publisher = {Elsevier B.V.},
    url = {http://dx.doi.org/10.1016/j.chroma.2013.04.017},
    isbn = {0021-9673},
    doi = {10.1016/j.chroma.2013.04.017},
    issn = {00219673},
    pmid = {23631876},
    keywords = {ICR-FT/MS, LC-MS, Mass difference networking, Non-targeted metabolomics, TOF-MS}
}

@incollection{Ketsa2011,
    title = {{Mangosteen ( Garcinia mangostana L.)}},
    year = {2011},
    booktitle = {Postharvest Biology and Technology of Tropical and Subtropical Fruits},
    author = {Ketsa, S. and Paull, R.E.},
    pages = {1--32},
    publisher = {Elsevier},
    url = {http://linkinghub.elsevier.com/retrieve/pii/B9780857090904500019},
    isbn = {9780857090904},
    doi = {10.1533/9780857092618.1}
}

@incollection{Therdthai2014,
    title = {{Manufacture}},
    year = {2014},
    booktitle = {Bakery Products Science and Technology},
    author = {Therdthai, N and Zhou, Weibiao},
    pages = {473--488},
    publisher = {John Wiley {\&} Sons, Ltd},
    url = {http://dx.doi.org/10.1002/9781118792001.ch27},
    isbn = {9781118792001},
    doi = {10.1002/9781118792001.ch27},
    keywords = {baking, bread, cooling, dough, manufacture, mixing, molding, process control, proofing, slicing}
}

@misc{Dunn2013,
    title = {{Mass appeal: Metabolite identification in mass spectrometry-focused untargeted metabolomics}},
    year = {2013},
    booktitle = {Metabolomics},
    author = {Dunn, Warwick B. and Erban, Alexander and Weber, Ralf J.M. and Creek, Darren J. and Brown, Marie and Breitling, Rainer and Hankemeier, Thomas and Goodacre, Royston and Neumann, Steffen and Kopka, Joachim and Viant, Mark R.},
    number = {SUPPL.1},
    pages = {44--66},
    volume = {9},
    isbn = {10.1007/s11306-012-0434-4},
    doi = {10.1007/s11306-012-0434-4},
    issn = {15733882},
    pmid = {8868813},
    keywords = {Capillary electrophoresis, DIMS, Gas chromatography, Liquid chromatography, Mass spectrometry, Metabolite identification, Metabolomics, Structure elucidation, Ultra performance liquid chromatography}
}

@article{Koistinen2017,
    title = {{Mass spectrometry-based analysis of whole-grain phytochemicals}},
    year = {2017},
    journal = {Critical Reviews in Food Science and Nutrition},
    author = {Koistinen, Ville Mikael and Hanhineva, Kati},
    number = {8},
    pages = {1688--1709},
    volume = {57},
    publisher = {Taylor {\&} Francis},
    url = {http://dx.doi.org/10.1080/10408398.2015.1016477},
    doi = {10.1080/10408398.2015.1016477},
    issn = {15497852},
    pmid = {26167744},
    keywords = {Barley, fragmentation, mass spectra, oats, rye, wheat}
}

@article{Guertin2014,
    title = {{Metabolomics in nutritional epidemiology: Identifying metabolites associated with diet and quantifying their potential to uncover diet-disease relations in populations}},
    year = {2014},
    journal = {American Journal of Clinical Nutrition},
    author = {Guertin, Kristin A. and Moore, Steven C. and Sampson, Joshua N. and Huang, Wen Yi and Xiao, Qian and Stolzenberg-Solomon, Rachael Z. and Sinha, Rashmi and Cross, Amanda J.},
    isbn = {1938-3207 (Electronic){\textbackslash}r0002-9165 (Linking)},
    doi = {10.3945/ajcn.113.078758},
    issn = {19383207},
    pmid = {24740205}
}

@article{Clish2015,
    title = {{Metabolomics: an emerging but powerful tool for precision medicine}},
    year = {2015},
    journal = {Molecular Case Studies},
    author = {Clish, Clary B.},
    number = {1},
    pages = {a000588},
    volume = {1},
    url = {http://molecularcasestudies.cshlp.org/lookup/doi/10.1101/mcs.a000588},
    isbn = {2373-2865 (Print){\textbackslash}r2373-2865},
    doi = {10.1101/mcs.a000588},
    issn = {2373-2865},
    pmid = {27148576}
}

@article{Gerlich2013,
    title = {{MetFusion: Integration of compound identification strategies}},
    year = {2013},
    journal = {Journal of Mass Spectrometry},
    author = {Gerlich, Michael and Neumann, Steffen},
    number = {3},
    pages = {291--298},
    volume = {48},
    isbn = {1096-9888},
    doi = {10.1002/jms.3123},
    issn = {10765174},
    pmid = {23494783},
    keywords = {MassBank, MetFrag, in silico fragmentation, integrated identification, metabolomics}
}

@misc{Mashego2007,
    title = {{Microbial metabolomics: Past, present and future methodologies}},
    year = {2007},
    booktitle = {Biotechnology Letters},
    author = {Mashego, Mlawule R. and Rumbold, Karl and De Mey, Marjan and Vandamme, Erick and Soetaert, Wim and Heijnen, Joseph J.},
    number = {1},
    pages = {1--16},
    volume = {29},
    isbn = {0141-5492},
    doi = {10.1007/s10529-006-9218-0},
    issn = {01415492},
    pmid = {17091378},
    keywords = {Bacteria, Chromatography, Filamentous fungi, Mass spectrometry, Metabolite extraction, Metabolomics, Quenching, Rapid sampling, Yeast}
}

@misc{Mashego2007a,
    title = {{Microbial metabolomics: Past, present and future methodologies}},
    year = {2007},
    booktitle = {Biotechnology Letters},
    author = {Mashego, Mlawule R. and Rumbold, Karl and De Mey, Marjan and Vandamme, Erick and Soetaert, Wim and Heijnen, Joseph J.},
    number = {1},
    pages = {1--16},
    volume = {29},
    isbn = {0141-5492},
    doi = {10.1007/s10529-006-9218-0},
    issn = {01415492},
    pmid = {17091378},
    keywords = {Bacteria, Chromatography, Filamentous fungi, Mass spectrometry, Metabolite extraction, Metabolomics, Quenching, Rapid sampling, Yeast}
}

@article{ISI:000249262200001,
    title = {{Molecular aspects of cereal beta-glucan functionality: Physical properties, technological applications and physiological effects}},
    year = {2007},
    journal = {JOURNAL OF CEREAL SCIENCE},
    author = {Lazaridou, A and Biliaderis, C G},
    number = {2},
    month = {9},
    pages = {101--118},
    volume = {46},
    publisher = {ACADEMIC PRESS LTD ELSEVIER SCIENCE LTD},
    address = {24-28 OVAL RD, LONDON NW1 7DX, ENGLAND},
    doi = {10.1016/j.jcs.2007.05.003},
    issn = {0733-5210},
    keywords = {applications, cereal beta-glucans, function, gels, molecular weight, physiological effects, rheology, structure, viscoelasticity}
}

@article{Harrington2000,
    title = {{Monitoring gene expression using DNA microarrays}},
    year = {2000},
    journal = {Current Opinion in Microbiology},
    author = {Harrington, Christina A and Rosenow, Carsten and Retief, Jacques},
    number = {3},
    month = {6},
    pages = {285--291},
    volume = {3},
    publisher = {Elsevier Current Trends},
    url = {https://www.sciencedirect.com/science/article/pii/S1369527400000916?via%3Dihub},
    doi = {10.1016/S1369-5274(00)00091-6},
    issn = {1369-5274}
}

@article{Harrington2000b,
    title = {{Monitoring gene expression using DNA microarrays.}},
    year = {2000},
    journal = {Current opinion in microbiology},
    author = {Harrington, C a and Rosenow, C and Retief, J},
    number = {3},
    pages = {285--291},
    volume = {3},
    isbn = {1369-5274},
    doi = {10.1016/S1369-5274(00)00091-6},
    issn = {1369-5274},
    pmid = {10851158}
}

@article{Harrington2000a,
    title = {{Monitoring gene expression using DNA microarrays.}},
    year = {2000},
    journal = {Current opinion in microbiology},
    author = {Harrington, C a and Rosenow, C and Retief, J},
    number = {3},
    pages = {285--291},
    volume = {3},
    isbn = {1369-5274},
    doi = {10.1016/S1369-5274(00)00091-6},
    issn = {1369-5274},
    pmid = {10851158}
}

@article{Mller2006,
    title = {{Myoglobins - the linkage between discolouration and lipid oxidation in muscle and meat}},
    year = {2006},
    journal = {Quimica Nova},
    author = {M{\o}ller, Jens K S and Skibsted, Leif H},
    number = {6},
    pages = {1270--1278},
    volume = {29},
    keywords = {heme iron, myoglobin complexes, oxidative processes}
}

@article{Pluskal2010,
    title = {{MZmine 2: Modular framework for processing, visualizing, and analyzing mass spectrometry-based molecular profile data}},
    year = {2010},
    journal = {BMC Bioinformatics},
    author = {Pluskal, Tomáš and Castillo, Sandra and Villar-Briones, Alejandro and Ore{\v{s}}i{\v{c}}, Matej},
    isbn = {1471-2105 (Electronic){\textbackslash}n1471-2105 (Linking)},
    doi = {10.1186/1471-2105-11-395},
    issn = {14712105},
    pmid = {20650010}
}

@article{Fardet2010,
    title = {{New hypotheses for the health-protective mechanisms of whole-grain cereals: what is beyond fibre?}},
    year = {2010},
    journal = {Nutrition Research Reviews},
    author = {Fardet, Anthony},
    number = {01},
    month = {6},
    pages = {65--134},
    volume = {23},
    url = {http://www.journals.cambridge.org/abstract_S0954422410000041},
    doi = {10.1017/S0954422410000041},
    issn = {0954-4224}
}

@article{Es-Safi2000,
    title = {{New phenolic compounds obtained by evolution of (+)-catechin and glyoxylic acid in hydroalcoholic medium}},
    year = {2000},
    journal = {Tetrahedron Letters},
    author = {Es-Safi, Nour Eddine and Le Guernev{\'{e}}, Christine and Cheynier, Véronique and Moutounet, Michel},
    number = {12},
    pages = {1917--1921},
    volume = {41},
    isbn = {0021-8561},
    doi = {10.1016/S0040-4039(00)00043-5},
    issn = {00404039},
    pmid = {10995343},
    keywords = {Aldehydes, Formylation, NMR, Phenolics}
}

@article{Gobert2017,
    title = {{Non-Saccharomyces Yeasts nitrogen source preferences: Impact on sequential fermentation and wine volatile compounds profile}},
    year = {2017},
    journal = {Frontiers in Microbiology},
    author = {Gobert, Antoine and Tourdot-Mar{\'{e}}chal, Raphaëlle and Morge, Christophe and Sparrow, Céline and Liu, Youzhong and Quintanilla-Casas, Beatriz and Vichi, Stefania and Alexandre, Hervé},
    number = {NOV},
    pages = {1--13},
    volume = {8},
    doi = {10.3389/fmicb.2017.02175},
    issn = {1664302X},
    keywords = {Alcoholic fermentation, Nitrogen sources, Non-Saccharomyces yeasts, Volatile compounds, Wine, Yeast interactions}
}

@article{DiGuida2016,
    title = {{Non-targeted UHPLC-MS metabolomic data processing methods: a comparative investigation of normalisation, missing value imputation, transformation and scaling}},
    year = {2016},
    journal = {Metabolomics},
    author = {Di Guida, Riccardo and Engel, Jasper and Allwood, J. William and Weber, Ralf J.M. and Jones, Martin R. and Sommer, Ulf and Viant, Mark R. and Dunn, Warwick B.},
    number = {5},
    volume = {12},
    isbn = {1573-3882 (Print)},
    doi = {10.1007/s11306-016-1030-9},
    issn = {15733890},
    pmid = {27123000}
}

@article{ISI:000404730400012,
    title = {{Novel urinary alkylresorcinol metabolites as biomarkers of whole grain intake in free-living Swedish adults}},
    year = {2017},
    journal = {MOLECULAR NUTRITION {\&} FOOD RESEARCH},
    author = {Wierzbicka, Roksana and Zamaratskaia, Galia and Kamal-Eldin, Afaf and Landberg, Rikard},
    number = {7, SI},
    month = {7},
    volume = {61},
    doi = {10.1002/mnfr.201700015},
    issn = {1613-4125}
}

@article{ISI:000348343300015,
    title = {{Nutrimetabolomics fingerprinting to identify biomarkers of bread exposure in a free-living population from the PREDIMED study cohort}},
    year = {2015},
    journal = {METABOLOMICS},
    author = {Garcia-Aloy, Mar and Llorach, Rafael and Urpi-Sarda, Mireia and Tulipani, Sara and Salas-Salvado, Jordi and Angel Martinez-Gonzalez, Miguel and Corella, Dolores and Fito, Montserrat and Estruch, Ramon and Serra-Majem, Lluis and Andres-Lacueva, Cristina},
    number = {1},
    month = {2},
    pages = {155--165},
    volume = {11},
    doi = {10.1007/s11306-014-0682-6},
    issn = {1573-3882}
}

@article{Ulaszewska2018,
    title = {{Nutrimetabolomics: An Integrative Action for Metabolomic Analyses in Human Nutritional Studies}},
    year = {2018},
    journal = {Molecular Nutrition {\&} Food Research},
    author = {Ulaszewska, Marynka M and Weinert, Christoph H and Trimigno, Alessia and Portmann, Reto and Andres Lacueva, Cristina and Badertscher, René and Brennan, Lorraine and Brunius, Carl and Bub, Achim and Capozzi, Francesco and Ciali{\`{e}} Rosso, Marta and Cordero, Chiara E and Daniel, Hannelore and Durand, Stephanie and Egert, Bjoern and Ferrario, Paola G and Feskens, Edith J M and Franceschi, Pietro and Garcia-Aloy, Mar and Giacomoni, Franck and Giesbertz, Pieter and Gonz{\'{a}}lez-Dom{\'{i}}nguez, Raúl and Hanhineva, Kati and Hemeryck, Lieselot Y and Kopka, Joachim and Kulling, Sabine and Llorach, Rafael and Manach, Claudine and Mattivi, Fulvio and Mign{\'{e}}, Carole and M{\"{u}}nger, Linda H and Ott, Beate and Picone, Gianfranco and Pimentel, Grégory and Pujos-Guillot, Estelle and Riccadonna, Samantha and Rist, Manuela and Rombouts, Caroline and Rubert, Josep and Skurk, Thomas and Sri Harsha, Pedapati S C and Meulebroek, Lieven and Vanhaecke, Lynn and V{\'{a}}zquez-Fresno, Rosa and Wishard, David and Verg{\`{e}}res, Guy},
    number = {ja},
    month = {9},
    pages = {1800384},
    volume = {0},
    publisher = {Wiley-Blackwell},
    url = {https://doi.org/10.1002/mnfr.201800384},
    doi = {10.1002/mnfr.201800384},
    issn = {1613-4125},
    keywords = {GC-MS, LC-MS, NMR, metabolomics, nutrition}
}

@article{Zhang2013,
    title = {{Optimization of microwave-assisted enzymatic extraction of polyphenols from waste peanut shells and evaluation of its antioxidant and antibacterial activities in vitro}},
    year = {2013},
    journal = {Food and Bioproducts Processing},
    author = {Zhang, Guowen and Hu, Mingming and He, Li and Fu, Peng and Wang, Lin and Zhou, Jia},
    isbn = {0960-3085},
    doi = {10.1016/j.fbp.2012.09.003},
    issn = {09603085},
    keywords = {Antibacterial activity, Antioxidant activity, Microwave-assisted enzymatic extraction, Peanut shells, Polyphenols, Response surface methodology}
}

@article{Zhang2013a,
    title = {{Optimization of microwave-assisted enzymatic extraction of polyphenols from waste peanut shells and evaluation of its antioxidant and antibacterial activities in vitro}},
    year = {2013},
    journal = {Food and Bioproducts Processing},
    author = {Zhang, Guowen and Hu, Mingming and He, Li and Fu, Peng and Wang, Lin and Zhou, Jia},
    number = {2},
    pages = {158--168},
    volume = {91},
    isbn = {0960-3085},
    doi = {10.1016/j.fbp.2012.09.003},
    issn = {09603085},
    keywords = {Antibacterial activity, Antioxidant activity, Microwave-assisted enzymatic extraction, Peanut shells, Polyphenols, Response surface methodology}
}

@article{Reinheimer2012,
    title = {{Optimization of operating conditions of a cooling tunnel for production of hard candies}},
    year = {2012},
    journal = {Journal of Food Engineering},
    author = {Reinheimer, María Agustina and Mussati, Sergio F. and Scenna, Nicolás J.},
    number = {1},
    pages = {22--31},
    volume = {109},
    doi = {10.1016/j.jfoodeng.2011.10.009},
    issn = {02608774},
    keywords = {Cooling process, Hard candy, Optimization}
}

@article{Kong2016a,
    title = {{Optimization of process parameters and kinetic model of enzymatic extraction of polyphenols from Lonicerae flos}},
    year = {2016},
    journal = {Pharmacognosy Magazine},
    author = {Kong, Fansheng and Yu, Shujuan and Bi, Yongguang and Huang, Xiaojun and Huang, Mengqian},
    doi = {10.4103/0973-1296.176055},
    issn = {0973-1296}
}

@article{Kong2016,
    title = {{Optimization of process parameters and kinetic model of enzymatic extraction of polyphenols from Lonicerae flos}},
    year = {2016},
    journal = {Pharmacognosy Magazine},
    author = {Kong, Fansheng and Yu, Shujuan and Bi, Yongguang and Huang, Xiaojun and Huang, Mengqian},
    doi = {10.4103/0973-1296.176055},
    issn = {0973-1296}
}

@book{Decker2010,
    title = {{Oxidation in foods and beverages and antioxidant applications}},
    year = {2010},
    booktitle = {Oxidation in Foods and Beverages and Antioxidant Applications},
    author = {Decker, Eric A. and Elias, Ryan J. and McClements, D. Julian},
    pages = {1--528},
    volume = {2},
    isbn = {9781845699833},
    doi = {10.1533/9780857090331},
    issn = {0139-3006}
}

@misc{Farkas2011,
    title = {{Oxidation in foods and beverages and antioxidant applications. Vols 1 {\&} 2: ea Decker, rj Elias and dj McClements (Eds) Woodhead Publishing Ltd., Oxford, Cambridge, Philadelphia, New Delhi 2010, ISBN 978-1-84569-648-1; ISBN 978-84569-983-3, 408 and 528 pag}},
    year = {2011},
    author = {Farkas, J},
    publisher = {Akad{\'{e}}miai Kiad{\'{o}}},
    isbn = {0139-3006}
}

@incollection{Johnston2007,
    title = {{Pasta Drying}},
    year = {2007},
    booktitle = {Pasta and Semolina Technology},
    author = {Johnston, K W and Dintheer, W},
    pages = {158--175},
    publisher = {Blackwell Science Ltd},
    url = {http://dx.doi.org/10.1002/9780470999370.ch6},
    isbn = {9780470999370},
    doi = {10.1002/9780470999370.ch6},
    keywords = {biochemical stability, eggs, microbiological growth, pasta drying, temperature}
}

@incollection{Dawe2007,
    title = {{Pasta Mixing and Extrusion}},
    year = {2007},
    booktitle = {Pasta and Semolina Technology},
    author = {Dawe, P R and Johnston, K W and Dintheer, W},
    pages = {86--118},
    publisher = {Blackwell Science Ltd},
    url = {http://dx.doi.org/10.1002/9780470999370.ch4},
    isbn = {9780470999370},
    doi = {10.1002/9780470999370.ch4},
    keywords = {extrusion, hydrogen sulphide, manufacturing conditions, pasta mixing, water absorption}
}

@article{Xia2018,
    title = {{Pectic Enzymes}},
    year = {2018},
    journal = {Reference Module in Food Science},
    author = {Xia, Jin-lan and Li, Pei-jun},
    number = {12},
    pages = {4--7},
    url = {http://linkinghub.elsevier.com/retrieve/pii/B9780081005965216454},
    isbn = {9780081005965},
    doi = {10.1016/B978-0-08-100596-5.21645-4}
}

@article{Ijck2006,
    title = {{Physiological and Molecular Responses}},
    year = {2006},
    author = {Ijck, P Atrick V A N D}
}

@article{Sawicki2016,
    title = {{Phytochemical pharmacokinetics and bioactivity of oat and barley flour: A randomized crossover trial}},
    year = {2016},
    journal = {Nutrients},
    author = {Sawicki, Caleigh M. and McKay, Diane L. and McKeown, Nicola M. and Dallal, Gerard and Chen, C. Y.Oliver and Blumberg, Jeffrey B.},
    number = {12},
    pages = {1--15},
    volume = {8},
    isbn = {2072-6643},
    doi = {10.3390/nu8120813},
    issn = {20726643},
    pmid = {27983687},
    keywords = {Antioxidant, Barley, Bioactives, Oat, Phenolic acids, Polyphenols, Tocols, Whole grain}
}

@article{Pietta2003,
    title = {{Plant polyphenols: Structure, occurrence and bioactivity}},
    year = {2003},
    journal = {Studies in Natural Products Chemistry},
    author = {Pietta, Piergiorgio and Minoggio, Markus and Bramati, Lorenzo},
    pages = {257--312},
    volume = {28},
    isbn = {1572-5995},
    doi = {10.1016/S1572-5995(03)80143-6},
    issn = {15725995}
}

@article{ISI:000294523500019,
    title = {{Plasma Alkylresorcinol Concentrations Correlate with Whole Grain Wheat and Rye Intake and Show Moderate Reproducibility over a 2-to 3-Month Period in Free-Living Swedish Adults}},
    year = {2011},
    journal = {JOURNAL OF NUTRITION},
    author = {Andersson, Agneta and Marklund, Matti and Diana, Marina and Landberg, Rikard},
    number = {9},
    month = {9},
    pages = {1712--1718},
    volume = {141},
    doi = {10.3945/jn.111.139238},
    issn = {0022-3166}
}

@article{Larsson2014a,
    title = {{Plasma alkylresorcinols as a biomarker for whole-grain intake and association with colorectal cancer}},
    year = {2014},
    journal = {Journal of the National Cancer Institute},
    author = {Larsson, Susanna C.},
    number = {1},
    volume = {106},
    doi = {10.1093/jnci/djt362},
    issn = {00278874},
    pmid = {24317182}
}

@article{Larsson2014,
    title = {{Plasma alkylresorcinols as a biomarker for whole-grain intake and association with colorectal cancer}},
    year = {2014},
    journal = {Journal of the National Cancer Institute},
    author = {Larsson, Susanna C.},
    number = {1},
    pages = {2013--2014},
    volume = {106},
    doi = {10.1093/jnci/djt362},
    issn = {00278874},
    pmid = {24317182}
}

@article{ISI:000298402100026,
    title = {{Plasma alkylresorcinols as a biomarker of whole-grain food consumption in a large population: results from the WHOLEheart Intervention Study}},
    year = {2012},
    journal = {AMERICAN JOURNAL OF CLINICAL NUTRITION},
    author = {Ross, Alastair B and Bourgeois, Alexandre and Macharia, Harrison Ndung'u and Kochhar, Sunil and Jebb, Susan A and Brownlee, Iain A and Seal, Chris J},
    number = {1},
    month = {1},
    pages = {204--211},
    volume = {95},
    doi = {10.3945/ajcn.110.008508},
    issn = {0002-9165}
}

@article{ISI:000333777700008,
    title = {{Plasma alkylresorcinols C17:0/C21:0 ratio, a biomarker of relative whole-grain rye intake, is associated to insulin sensitivity: a randomized study}},
    year = {2014},
    journal = {EUROPEAN JOURNAL OF CLINICAL NUTRITION},
    author = {Magnusdottir, O K and Landberg, R and Gunnarsdottir, I and Cloetens, L and Akesson, B and Landin-Olsson, M and Rosqvist, F and Iggman, D and Schwab, U and Herzig, K-H and Savolainen, M J and Brader, L and Hermansen, K and Kolehmainen, M and Poutanen, K and Uusitupa, M and Thorsdottir, I and Riserus, U},
    number = {4},
    month = {4},
    pages = {453--458},
    volume = {68},
    doi = {10.1038/ejcn.2014.12},
    issn = {0954-3007}
}

@article{ISI:000384784900008,
    title = {{Plasma Alkylresorcinols Reflect Gluten Intake and Distinguish between Gluten-Rich and Gluten-Poor Diets in a Population at Risk of Metabolic Syndrome}},
    year = {2016},
    journal = {JOURNAL OF NUTRITION},
    author = {Lind, Mads V and Madsen, Mia L and Rumessen, Juri J and Vestergaard, Henrik and Gabel, Rikke J and Hansen, Torben and Lauritzen, Lotte and Pedersen, Oluf B and Kristensen, Mette and Ross, Alastair B},
    number = {10},
    month = {10},
    pages = {1991--1998},
    volume = {146},
    doi = {10.3945/jn.116.236398},
    issn = {0022-3166}
}

@article{ISI:000372639900014,
    title = {{Plasma alkylresorcinols, biomarkers of whole-grain intake, are not associated with progression of coronary artery atherosclerosis in postmenopausal women with coronary artery disease}},
    year = {2016},
    journal = {PUBLIC HEALTH NUTRITION},
    author = {McKeown, Nicola M and Hruby, Adela and Landberg, Rikard and Herrington, David M and Lichtenstein, Alice H},
    number = {2},
    month = {2},
    pages = {326--331},
    volume = {19},
    doi = {10.1017/S1368980015001123},
    issn = {1368-9800}
}

@article{ISI:000309032000011,
    title = {{Plasma Alkylresorcinols, Biomarkers of Whole-Grain Intake, Are Related to Lower BMI in Older Adults}},
    year = {2012},
    journal = {JOURNAL OF NUTRITION},
    author = {Ma, Jiantao and Ross, Alastair B and Shea, M Kyla and Bruce, Stephen J and Jacques, Paul F and Saltzman, Edward and Lichtenstein, Alice H and Booth, Sarah L and McKeown, Nicola M},
    number = {10},
    month = {10},
    pages = {1859--1864},
    volume = {142},
    doi = {10.3945/jn.112.163253},
    issn = {0022-3166}
}

@article{Steffens1994,
    title = {{Polyphenol oxidase}},
    year = {1994},
    journal = {Genetic Engineering of Plant Secondary Metabolism},
    author = {Steffens, J.C. and Harel, E. and Hunt, M.D.},
    number = {2},
    pages = {275–312},
    volume = {2},
    doi = {10.1007/978-1-4615-2544-8{\_}11}
}

@misc{Li2013,
    title = {{Polyphenols from the mangosteen (Garcinia mangostana) fruit for breast and prostate cancer}},
    year = {2013},
    booktitle = {Frontiers in Pharmacology},
    author = {Li, Gongbo and Thomas, Stacey and Johnson, Jeremy J.},
    isbn = {1663-9812 (Electronic)},
    doi = {10.3389/fphar.2013.00080},
    issn = {16639812},
    pmid = {23805102},
    keywords = {Extract, Mangosteen, Prostate cancer, Xanthone, {$\alpha$}-Mangostin}
}

@article{Roberfroid2001a,
    title = {{Prebiotics: Preferential substrates for specific germs?}},
    year = {2001},
    journal = {American Journal of Clinical Nutrition},
    author = {Roberfroid, Marcel B.},
    number = {2 SUPPL.},
    pages = {1286--1308},
    volume = {73},
    isbn = {0002-9165 (Print){\textbackslash}r0002-9165 (Linking)},
    doi = {10.3945/ajcn.113.076133.The},
    issn = {00029165},
    pmid = {11157349},
    keywords = {Bifidobacteria, Functional foods, Inulin, Prebiotics, Probiotics, Review, Substrate}
}

@article{Roberfroid2001,
    title = {{Prebiotics: Preferential substrates for specific germs?}},
    year = {2001},
    journal = {American Journal of Clinical Nutrition},
    author = {Roberfroid, Marcel B.},
    number = {2 SUPPL.},
    pages = {1286--1308},
    volume = {73},
    isbn = {0002-9165 (Print){\textbackslash}r0002-9165 (Linking)},
    doi = {10.3945/ajcn.113.076133.The},
    issn = {00029165},
    pmid = {11157349},
    keywords = {Bifidobacteria, Functional foods, Inulin, Prebiotics, Probiotics, Review, Substrate}
}

@article{Roberfroid2001b,
    title = {{Prebiotics: Preferential substrates for specific germs?}},
    year = {2001},
    journal = {American Journal of Clinical Nutrition},
    author = {Roberfroid, Marcel B.},
    number = {2 SUPPL.},
    pages = {1286--1308},
    volume = {73},
    isbn = {0002-9165 (Print){\textbackslash}r0002-9165 (Linking)},
    doi = {10.3945/ajcn.113.076133.The},
    issn = {00029165},
    pmid = {11157349},
    keywords = {Bifidobacteria, Functional foods, Inulin, Prebiotics, Probiotics, Review, Substrate}
}

@incollection{Tucker2014,
    title = {{Process Optimization and Control}},
    year = {2014},
    booktitle = {Bakery Products Science and Technology},
    author = {Tucker, Gary},
    pages = {373--390},
    publisher = {John Wiley {\&} Sons, Ltd},
    url = {http://dx.doi.org/10.1002/9781118792001.ch21},
    isbn = {9781118792001},
    doi = {10.1002/9781118792001.ch21},
    keywords = {CBP, baking, cooling, dough development, gluten, mixing, optimization, proofing, radical bread process}
}

@article{Shi2015,
    title = {{Properties of Hemoglobin Decolorized with a Histidine-Specific Protease}},
    year = {2015},
    journal = {Journal of Food Science},
    author = {Shi, Jing and de Roos, Andre and Schouten, Olaf and Zheng, Chaoya and Vink, Collin and Vonk, Brenda and Kliphuis, Annette and Schaap, Albert and Edens, Luppo},
    number = {6},
    pages = {E1202-E1208},
    volume = {80},
    isbn = {0022-1147},
    doi = {10.1111/1750-3841.12809},
    issn = {17503841},
    pmid = {25924935},
    keywords = {Decolorization, Functionality, Histidine-specific protease, Protein hydrolysate, Sensory}
}

@article{Kunst2002,
    title = {{Protein modification to optimize functionality - Protein hydrolysates}},
    year = {2002},
    journal = {Handbook of Food Enzymology},
    author = {Kunst, Ton},
    pages = {221--236},
    isbn = {978-0-8247-0686-9},
    doi = {10.1201/9780203910450.ch17}
}

@article{Lund2011a,
    title = {{Protein oxidation in muscle foods: A review}},
    year = {2011},
    journal = {Molecular Nutrition and Food Research},
    author = {Lund, Marianne N. and Heinonen, Marina and Baron, Caroline P. and Est{\'{e}}vez, Mario},
    number = {1},
    pages = {83--95},
    volume = {55},
    isbn = {1613-4133},
    doi = {10.1002/mnfr.201000453},
    issn = {16134125},
    pmid = {21207515},
    keywords = {Metal-catalyzed oxidation, Myoglobin-induced oxidation, Protein degradation, Protein-lipid interaction, Protein-phenolics interaction}
}

@article{Lund2011,
    title = {{Protein oxidation in muscle foods: A review}},
    year = {2011},
    journal = {Molecular Nutrition and Food Research},
    author = {Lund, Marianne N. and Heinonen, Marina and Baron, Caroline P. and Est{\'{e}}vez, Mario},
    number = {1},
    pages = {83--95},
    volume = {55},
    isbn = {1613-4133},
    doi = {10.1002/mnfr.201000453},
    issn = {16134125},
    pmid = {21207515},
    keywords = {Metal-catalyzed oxidation, Myoglobin-induced oxidation, Protein degradation, Protein-lipid interaction, Protein-phenolics interaction}
}

@article{Wong1995,
    title = {{Proteolytic Enzymes}},
    year = {1995},
    journal = {Food Enzymes},
    author = {Wong, Dominic W. S.},
    pages = {124--169},
    url = {http://link.springer.com/10.1007/978-1-4757-2349-6},
    isbn = {978-1-4419-4722-2},
    doi = {10.1007/978-1-4757-2349-6}
}

@misc{Phillips2005,
    title = {{Proteomics meets microbiology: Technical advances in the global mapping of protein expression and function}},
    year = {2005},
    booktitle = {Cellular Microbiology},
    author = {Phillips, Carolyn I. and Bogyo, Matthew},
    number = {8},
    pages = {1061--1076},
    volume = {7},
    isbn = {1462-5814 (Print){\textbackslash}r1462-5814 (Linking)},
    doi = {10.1111/j.1462-5822.2005.00554.x},
    issn = {14625814},
    pmid = {16008574}
}

@misc{Phillips2005b,
    title = {{Proteomics meets microbiology: Technical advances in the global mapping of protein expression and function}},
    year = {2005},
    booktitle = {Cellular Microbiology},
    author = {Phillips, Carolyn I. and Bogyo, Matthew},
    number = {8},
    pages = {1061--1076},
    volume = {7},
    isbn = {1462-5814 (Print){\textbackslash}r1462-5814 (Linking)},
    doi = {10.1111/j.1462-5822.2005.00554.x},
    issn = {14625814},
    pmid = {16008574}
}

@misc{Phillips2005a,
    title = {{Proteomics meets microbiology: Technical advances in the global mapping of protein expression and function}},
    year = {2005},
    booktitle = {Cellular Microbiology},
    author = {Phillips, Carolyn I. and Bogyo, Matthew},
    number = {8},
    pages = {1061--1076},
    volume = {7},
    isbn = {1462-5814 (Print){\textbackslash}r1462-5814 (Linking)},
    doi = {10.1111/j.1462-5822.2005.00554.x},
    issn = {14625814},
    pmid = {16008574}
}

@article{Zellner2005,
    title = {{Quantitative validation of different protein precipitation methods in proteome analysis of blood platelets}},
    year = {2005},
    journal = {Electrophoresis},
    author = {Zellner, Maria and Winkler, Wolfgang and Hayden, Hubert and Diestinger, Michael and Eliasen, Maja and Gesslbauer, Bernd and Miller, Ingrid and Chang, Martina and Kungl, Andreas and Roth, Erich and Oehler, Rudolf},
    number = {12},
    pages = {2481--2489},
    volume = {26},
    isbn = {0173-0835 (Print){\textbackslash}n0173-0835 (Linking)},
    doi = {10.1002/elps.200410262},
    issn = {01730835},
    pmid = {15895463},
    keywords = {Ethanol, Platelets, Protein precipitation, Proteomics, Trichloroacetic acid}
}

@article{Li2016a,
    title = {{Quinone-induced protein modifications: Kinetic preference for reaction of 1,2-benzoquinones with thiol groups in proteins}},
    year = {2016},
    journal = {Free Radical Biology and Medicine},
    author = {Li, Yuting and Jongberg, Sisse and Andersen, Mogens L. and Davies, Michael J. and Lund, Marianne N.},
    pages = {148--157},
    volume = {97},
    publisher = {Elsevier},
    url = {http://dx.doi.org/10.1016/j.freeradbiomed.2016.05.019},
    isbn = {0891-5849},
    doi = {10.1016/j.freeradbiomed.2016.05.019},
    issn = {18734596},
    pmid = {27212016},
    keywords = {Plant phenols, Protein modification, Quinone-protein adduct, Rate constants, Thiols}
}

@article{Li2016,
    title = {{Quinone-induced protein modifications: Kinetic preference for reaction of 1,2-benzoquinones with thiol groups in proteins}},
    year = {2016},
    journal = {Free Radical Biology and Medicine},
    author = {Li, Yuting and Jongberg, Sisse and Andersen, Mogens L. and Davies, Michael J. and Lund, Marianne N.},
    pages = {148--157},
    volume = {97},
    publisher = {Elsevier},
    url = {http://dx.doi.org/10.1016/j.freeradbiomed.2016.05.019},
    isbn = {0891-5849},
    doi = {10.1016/j.freeradbiomed.2016.05.019},
    issn = {18734596},
    pmid = {27212016},
    keywords = {Plant phenols, Protein modification, Quinone-protein adduct, Rate constants, Thiols}
}

@article{Lyndgaard2012,
    title = {{Real-time modeling of milk coagulation using in-line near infrared spectroscopy}},
    year = {2012},
    journal = {Journal of Food Engineering},
    author = {Lyndgaard, Christian Bøge and Engelsen, Søren Balling and Van Den Berg, Frans W.J.},
    number = {2},
    pages = {345--352},
    volume = {108},
    publisher = {Elsevier Ltd},
    url = {http://dx.doi.org/10.1016/j.jfoodeng.2011.07.029},
    isbn = {0260-8774},
    doi = {10.1016/j.jfoodeng.2011.07.029},
    issn = {02608774},
    keywords = {Coagulation, Cutting time, Near infra, Real-time}
}

@article{Selvamuthukumaran2017,
    title = {{Recent advances in extraction of antioxidants from plant by-products processing industries}},
    year = {2017},
    journal = {Food Quality and Safety},
    author = {Selvamuthukumaran, M. and Shi, John},
    doi = {10.1093/fqs/fyx004},
    issn = {2399-1399}
}

@article{Holcapek2012,
    title = {{Recent developments in liquid chromatography-mass spectrometry and related techniques}},
    year = {2012},
    journal = {Journal of Chromatography A},
    author = {Hol{\v{c}}apek, Michal and Jir{\'{a}}sko, Robert and L{\'{i}}sa, Miroslav},
    pages = {3--15},
    volume = {1259},
    isbn = {00219673},
    doi = {10.1016/j.chroma.2012.08.072},
    issn = {00219673},
    pmid = {22959775},
    arxivId = {arXiv:1011.1669v3},
    keywords = {Fast LC, LC-MS, Mass accuracy, Mass spectrometry, Resolving power, UHPLC}
}

@article{Saccenti2014,
    title = {{Reflections on univariate and multivariate analysis of metabolomics data}},
    year = {2014},
    journal = {Metabolomics},
    author = {Saccenti, Edoardo and Hoefsloot, Huub C. J. and Smilde, Age K. and Westerhuis, Johan A. and Hendriks, Margriet M. W. B.},
    number = {3},
    pages = {361--374},
    volume = {10},
    url = {http://link.springer.com/10.1007/s11306-013-0598-6},
    isbn = {1573-3882{\textbackslash}n1573-3890},
    doi = {10.1007/s11306-013-0598-6},
    issn = {1573-3882}
}

@article{Ljungdahl2012,
    title = {{Regulation of amino acid, nucleotide, and phosphate metabolism in Saccharomyces cerevisiae}},
    year = {2012},
    journal = {Genetics},
    author = {Ljungdahl, Per O. and Daignan-Fornier, Bertrand},
    number = {3},
    pages = {885--929},
    volume = {190},
    isbn = {0016-6731},
    doi = {10.1534/genetics.111.133306},
    issn = {00166731},
    pmid = {22419079}
}

@article{ISI:000279623300007,
    title = {{Reliability of fasting plasma alkylresorcinol concentrations measured 4 months apart}},
    year = {2010},
    journal = {EUROPEAN JOURNAL OF CLINICAL NUTRITION},
    author = {Montonen, J and Landberg, R and Kamal-Eldin, A and Aman, P and Knueppel, S and Boeing, H and Pischon, T},
    number = {7},
    month = {7},
    pages = {698--703},
    volume = {64},
    publisher = {NATURE PUBLISHING GROUP},
    address = {MACMILLAN BUILDING, 4 CRINAN ST, LONDON N1 9XW, ENGLAND},
    doi = {10.1038/ejcn.2010.71},
    issn = {0954-3007},
    keywords = {alkylresorcinols; biomarker; reproducibility; reli}
}

@article{Nout2009,
    title = {{Rich nutrition from the poorest – Cereal fermentations in Africa and Asia}},
    year = {2009},
    journal = {Food Microbiology},
    author = {Nout, M.J.Rob},
    number = {7},
    month = {10},
    pages = {685--692},
    volume = {26},
    publisher = {Academic Press},
    url = {https://www.sciencedirect.com/science/article/pii/S0740002009001646?via%3Dihub},
    doi = {10.1016/J.FM.2009.07.002},
    issn = {0740-0020}
}

@article{Branco2017,
    title = {{Saccharomyces cerevisiae accumulates GAPDH-derived peptides on its cell surface that induce death of non-Saccharomyces yeasts by cell-to-cell contact}},
    year = {2017},
    journal = {FEMS Microbiology Ecology},
    author = {Branco, Patrícia and Kemsawasd, Varongsiri and Santos, Lara and Diniz, Mário and Caldeira, Jorge and Almeida, Maria Gabriela and Arneborg, Nils and Albergaria, Helena},
    doi = {10.1093/femsec/fix055},
    issn = {1574-6941},
    pmid = {28449125}
}

@article{Li2012,
    title = {{Scanning assay of {$\beta$}-galactosidase activity}},
    year = {2012},
    journal = {Applied Biochemistry and Microbiology},
    author = {Li, W. and Zhao, X. and Zou, S. and Ma, Y. and Zhang, K. and Zhang, M.},
    doi = {10.1134/S0003683812060075},
    issn = {0003-6838}
}

@article{Kind2007,
    title = {{Seven Golden Rules for heuristic filtering of molecular formulas obtained by accurate mass spectrometry}},
    year = {2007},
    journal = {BMC Bioinformatics},
    author = {Kind, Tobias and Fiehn, Oliver},
    volume = {8},
    isbn = {1471-2105},
    doi = {10.1186/1471-2105-8-105},
    issn = {14712105},
    pmid = {17389044}
}

@article{GNPS,
    title = {{Sharing and community curation of mass spectrometry data with Global Natural Products Social Molecular Networking.}},
    year = {2016},
    journal = {Nature biotechnology},
    author = {Wang, Mingxun and Carver, Jeremy J and Phelan, Vanessa V and Sanchez, Laura M and Garg, Neha and Peng, Yao and Nguyen, Don Duy and Watrous, Jeramie and Kapono, Clifford A and Luzzatto-Knaan, Tal and Porto, Carla and Bouslimani, Amina and Melnik, Alexey V and Meehan, Michael J and Liu, Wei-Ting and Crusemann, Max and Boudreau, Paul D and Esquenazi, Eduardo and Sandoval-Calderon, Mario and Kersten, Roland D and Pace, Laura A and Quinn, Robert A and Duncan, Katherine R and Hsu, Cheng-Chih and Floros, Dimitrios J and Gavilan, Ronnie G and Kleigrewe, Karin and Northen, Trent and Dutton, Rachel J and Parrot, Delphine and Carlson, Erin E and Aigle, Bertrand and Michelsen, Charlotte F and Jelsbak, Lars and Sohlenkamp, Christian and Pevzner, Pavel and Edlund, Anna and McLean, Jeffrey and Piel, Jorn and Murphy, Brian T and Gerwick, Lena and Liaw, Chih-Chuang and Yang, Yu-Liang and Humpf, Hans-Ulrich and Maansson, Maria and Keyzers, Robert A and Sims, Amy C and Johnson, Andrew R and Sidebottom, Ashley M and Sedio, Brian E and Klitgaard, Andreas and Larson, Charles B and P, Cristopher A Boya and Torres-Mendoza, Daniel and Gonzalez, David J and Silva, Denise B and Marques, Lucas M and Demarque, Daniel P and Pociute, Egle and O'Neill, Ellis C and Briand, Enora and Helfrich, Eric J N and Granatosky, Eve A and Glukhov, Evgenia and Ryffel, Florian and Houson, Hailey and Mohimani, Hosein and Kharbush, Jenan J and Zeng, Yi and Vorholt, Julia A and Kurita, Kenji L and Charusanti, Pep and McPhail, Kerry L and Nielsen, Kristian Fog and Vuong, Lisa and Elfeki, Maryam and Traxler, Matthew F and Engene, Niclas and Koyama, Nobuhiro and Vining, Oliver B and Baric, Ralph and Silva, Ricardo R and Mascuch, Samantha J and Tomasi, Sophie and Jenkins, Stefan and Macherla, Venkat and Hoffman, Thomas and Agarwal, Vinayak and Williams, Philip G and Dai, Jingqui and Neupane, Ram and Gurr, Joshua and Rodriguez, Andres M C and Lamsa, Anne and Zhang, Chen and Dorrestein, Kathleen and Duggan, Brendan M and Almaliti, Jehad and Allard, Pierre-Marie and Phapale, Prasad and Nothias, Louis-Felix and Alexandrov, Theodore and Litaudon, Marc and Wolfender, Jean-Luc and Kyle, Jennifer E and Metz, Thomas O and Peryea, Tyler and Nguyen, Dac-Trung and VanLeer, Danielle and Shinn, Paul and Jadhav, Ajit and Muller, Rolf and Waters, Katrina M and Shi, Wenyuan and Liu, Xueting and Zhang, Lixin and Knight, Rob and Jensen, Paul R and Palsson, Bernhard O and Pogliano, Kit and Linington, Roger G and Gutierrez, Marcelino and Lopes, Norberto P and Gerwick, William H and Moore, Bradley S and Dorrestein, Pieter C and Bandeira, Nuno},
    number = {8},
    month = {8},
    pages = {828--837},
    volume = {34},
    doi = {10.1038/nbt.3597},
    issn = {1546-1696 (Electronic)},
    pmid = {27504778},
    keywords = {Biological Products, Chemical, Data Curation, Database Management Systems, Databases, Information Dissemination, Information Storage and Retrieval, Internationality, Mass Spectrometry, chemistry, classification, methods, statistics {\&} numerical data},
    language = {eng}
}

@article{Patrick2002,
    title = {{Significance of Indigenous Enzymes in Milk and Dairy Products}},
    year = {2002},
    journal = {Handbook of Food Enzymology},
    author = {Patrick, F Fox},
    url = {http://dx.doi.org/10.1201/9780203910450.ch19},
    isbn = {978-0-8247-0686-9},
    doi = {doi:10.1201/9780203910450.ch19{\textbackslash}r10.1201/9780203910450.ch19}
}

@article{Broadhurst2006,
    title = {{Statistical strategies for avoiding false discoveries in metabolomics and related experiments}},
    year = {2006},
    journal = {Metabolomics},
    author = {Broadhurst, David I. and Kell, Douglas B.},
    number = {4},
    pages = {171--196},
    volume = {2},
    isbn = {1573-3882},
    doi = {10.1007/s11306-006-0037-z},
    issn = {15733882},
    pmid = {1468841},
    keywords = {Bias, Bonferroni correction, Credit assignment, Cross validiation, False discovery, Hypothesis testing, Machine learning, Over fitting, Receiver-operator characteristic, Statistical power, Statistics, Visualisation}
}

@article{LeeD.Roberts2013,
    title = {{Targeted Metabolomics}},
    year = {2013},
    author = {{Lee D. Roberts}},
    pages = {1--34},
    isbn = {0471142727},
    doi = {10.1002/0471142727.mb3002s98.Targeted},
    keywords = {liquid chromatography-mass spectrometry, multiple reaction, targeted metabolomics}
}

@article{Kemp2010,
    title = {{Tenderness - An enzymatic view}},
    year = {2010},
    journal = {Meat Science},
    author = {Kemp, Caroline M. and Sensky, Paul L. and Bardsley, Ronald G. and Buttery, Peter J. and Parr, Tim},
    number = {2},
    pages = {248--256},
    volume = {84},
    publisher = {Elsevier Ltd},
    url = {http://dx.doi.org/10.1016/j.meatsci.2009.06.008},
    isbn = {0309-1740},
    doi = {10.1016/j.meatsci.2009.06.008},
    issn = {03091740},
    pmid = {20374783},
    keywords = {Calpains, Calpastatin, Caspases, Meat tenderisation, Post-mortem proteolysis}
}

@misc{Vanderhaegen2006,
    title = {{The chemistry of beer aging - A critical review}},
    year = {2006},
    booktitle = {Food Chemistry},
    author = {Vanderhaegen, Bart and Neven, Hedwig and Verachtert, Hubert and Derdelinckx, Guy},
    isbn = {0308-8146},
    doi = {10.1016/j.foodchem.2005.01.006},
    issn = {03088146},
    keywords = {Aging, Beer, Brewing, Flavours, Staling}
}

@article{Lund2007,
    title = {{The combined effect of antioxidants and modified atmosphere packaging on protein and lipid oxidation in beef patties during chill storage}},
    year = {2007},
    journal = {Meat Science},
    author = {Lund, Marianne N. and Hviid, Marchen S. and Skibsted, Leif H.},
    number = {2},
    month = {6},
    pages = {226--233},
    volume = {76},
    publisher = {Elsevier},
    url = {https://www.sciencedirect.com/science/article/pii/S0309174006003731},
    doi = {10.1016/J.MEATSCI.2006.11.003},
    issn = {0309-1740}
}

@article{Fernandez-Nino2015,
    title = {{The cytosolic pH of individual Saccharomyces cerevisiae cells is a key factor in acetic acid tolerance}},
    year = {2015},
    journal = {Applied and Environmental Microbiology},
    author = {Fern{\'{a}}ndez-Ni{\~{n}}o, Miguel and Marquina, Maribel and Swinnen, Steve and Rodr{\'{i}}guez-Porrata, Boris and Nevoigt, Elke and Ari{\~{n}}o, Joaquín},
    number = {22},
    pages = {7813--7821},
    volume = {81},
    doi = {10.1128/AEM.02313-15},
    issn = {10985336},
    pmid = {26341199}
}

@article{Fernandez-Nino2015a,
    title = {{The Cytosolic pH of Individual Saccharomyces cerevisiae Cells Is a Key Factor in Acetic Acid Tolerance}},
    year = {2015},
    journal = {Applied and Environmental Microbiology},
    author = {Fern{\'{a}}ndez-Ni{\~{n}}o, Miguel and Marquina, Maribel and Swinnen, Steve and Rodr{\'{i}}guez-Porrata, Boris and Nevoigt, Elke and Ari{\~{n}}o, Joaquín},
    number = {22},
    pages = {7813--7821},
    volume = {81},
    doi = {10.1128/AEM.02313-15.Editor}
}

@article{Gurdeniz2012,
    title = {{The effect of LC-MS data preprocessing methods on the selection of plasma biomarkers in fed vs. fasted rats}},
    year = {2012},
    journal = {Metabolites},
    author = {G{\"{u}}rdeniz, Gözde and Kristensen, Mette and Skov, Thomas and Dragsted, Lars O.},
    number = {1},
    pages = {77--99},
    volume = {2},
    isbn = {2218-1989},
    doi = {10.3390/metabo2010077},
    issn = {22181989},
    pmid = {24957369},
    keywords = {Biomarkers, Data pre-processing, LC-QTOF, MZmine, MarkerLynx, Rat plasma, XCMS}
}

@phdthesis{Popovici2016,
    title = {{The Effect of Whole Barley Bread on the Risk of Cardiovascular Disease}},
    year = {2016},
    author = {Popovici, Veronica},
    pages = {1--65},
    school = {University of Copenhagen}
}

@article{Scalbert2014,
    title = {{The food metabolome: a window over dietary exposure}},
    year = {2014},
    journal = {The American Journal of Clinical Nutrition},
    author = {Scalbert, Augustin and Brennan, Lorraine and Manach, Claudine and Andres-Lacueva, Cristina and Dragsted, Lars O and Draper, John and Rappaport, Stephen M and van der Hooft, Justin JJ and Wishart, David S},
    number = {6},
    month = {6},
    pages = {1286--1308},
    volume = {99},
    publisher = {Oxford University Press},
    url = {https://academic.oup.com/ajcn/article/99/6/1286/4577352},
    doi = {10.3945/ajcn.113.076133},
    issn = {0002-9165},
    keywords = {diet, food, metabolites, metabolomics}
}

@article{Sullivan2013,
    title = {{The increasing use of barley and barley by-products in the production of healthier baked goods}},
    year = {2013},
    journal = {Trends in Food Science {\&} Technology},
    author = {Sullivan, Paul and Arendt, Elke and Gallagher, Eimear},
    number = {2},
    pages = {124--134},
    volume = {29},
    publisher = {Elsevier Ltd},
    url = {http://dx.doi.org/10.1016/j.tifs.2012.10.005},
    doi = {10.1016/j.tifs.2012.10.005},
    issn = {0924-2244}
}

@article{Forester2011,
    title = {{The role of antioxidant versus pro-oxidant effects of green tea polyphenols in cancer prevention.}},
    year = {2011},
    journal = {Molecular nutrition {\&} food research},
    author = {Forester, Sarah C and Lambert, Joshua D},
    number = {6},
    month = {6},
    pages = {844--54},
    volume = {55},
    url = {http://doi.wiley.com/10.1002/mnfr.201000641 http://www.ncbi.nlm.nih.gov/pubmed/21538850 http://www.pubmedcentral.nih.gov/articlerender.fcgi?artid=PMC3679539},
    isbn = {1814863613},
    doi = {10.1002/mnfr.201000641},
    issn = {1613-4133},
    pmid = {21538850}
}

@article{Jongberg2011a,
    title = {{Thiol-quinone adduct formation in myofibrillar proteins detected by LC-MS}},
    year = {2011},
    journal = {Journal of Agricultural and Food Chemistry},
    author = {Jongberg, Sisse and Gislason, Nick E. and Lund, Marianne N. and Skibsted, Leif H. and Waterhouse, Andrew L.},
    number = {13},
    pages = {6900--6905},
    volume = {59},
    isbn = {0021-8561},
    doi = {10.1021/jf200965s},
    issn = {00218561},
    pmid = {21599024},
    keywords = {4-methylcatechol, LC-MS, protein oxidation, quinones, thiols}
}

@article{Jongberg2011,
    title = {{Thiol-quinone adduct formation in myofibrillar proteins detected by LC-MS}},
    year = {2011},
    journal = {Journal of Agricultural and Food Chemistry},
    author = {Jongberg, Sisse and Gislason, Nick E. and Lund, Marianne N. and Skibsted, Leif H. and Waterhouse, Andrew L.},
    number = {13},
    pages = {6900--6905},
    volume = {59},
    isbn = {0021-8561},
    doi = {10.1021/jf200965s},
    issn = {00218561},
    pmid = {21599024},
    keywords = {4-methylcatechol, LC-MS, protein oxidation, quinones, thiols}
}

@misc{Cajka2016,
    title = {{Toward Merging Untargeted and Targeted Methods in Mass Spectrometry-Based Metabolomics and Lipidomics}},
    year = {2016},
    booktitle = {Analytical Chemistry},
    author = {Cajka, Tomas and Fiehn, Oliver},
    number = {1},
    pages = {524--545},
    volume = {88},
    isbn = {0003-2700},
    doi = {10.1021/acs.analchem.5b04491},
    issn = {15206882},
    pmid = {26637011}
}

@misc{Cajka2016a,
    title = {{Toward Merging Untargeted and Targeted Methods in Mass Spectrometry-Based Metabolomics and Lipidomics}},
    year = {2016},
    booktitle = {Analytical Chemistry},
    author = {Cajka, Tomas and Fiehn, Oliver},
    number = {1},
    pages = {524--545},
    volume = {88},
    isbn = {0003-2700},
    doi = {10.1021/acs.analchem.5b04491},
    issn = {15206882},
    pmid = {26637011}
}

@misc{Cajka2016b,
    title = {{Toward Merging Untargeted and Targeted Methods in Mass Spectrometry-Based Metabolomics and Lipidomics}},
    year = {2016},
    booktitle = {Analytical Chemistry},
    author = {Cajka, Tomas and Fiehn, Oliver},
    number = {1},
    pages = {524--545},
    volume = {88},
    isbn = {0003-2700},
    doi = {10.1021/acs.analchem.5b04491},
    issn = {15206882},
    pmid = {26637011}
}

@misc{Barnes2016,
    title = {{Training in metabolomics research. II. Processing and statistical analysis of metabolomics data, metabolite identification, pathway analysis, applications of metabolomics and its future}},
    year = {2016},
    booktitle = {Journal of Mass Spectrometry},
    author = {Barnes, Stephen and Benton, H. Paul and Casazza, Krista and Cooper, Sara J. and Cui, Xiangqin and Du, Xiuxia and Engler, Jeffrey and Kabarowski, Janusz H. and Li, Shuzhao and Pathmasiri, Wimal and Prasain, Jeevan K. and Renfrow, Matthew B. and Tiwari, Hemant K.},
    number = {8},
    pages = {535--548},
    volume = {51},
    isbn = {6462654600},
    doi = {10.1002/jms.3780},
    issn = {10969888},
    pmid = {28239968},
    arxivId = {15334406},
    keywords = {data pre-processing, imaging metabolomics, isotopic labeling, multivariate analysis, pathway, univariate analysis}
}

@article{ISI:000259554500019,
    title = {{Urinary 3-(3,5-dihydroxyphenyl)-1-propanoic acid, an alkylresorcinol metabolite, is a potential biomarker of whole-grain intake in a US population}},
    year = {2008},
    journal = {JOURNAL OF NUTRITION},
    author = {Guyman, Laura A and Adlercreutz, Herman and Koskela, Anja and Li, Lin and Beresford, Shirley A A and Lampe, Johanna W},
    number = {10},
    month = {10},
    pages = {1957--1962},
    volume = {138},
    issn = {0022-3166}
}

@article{ISI:000387249200001,
    title = {{Urinary Biomarkers of Whole Grain Wheat Intake Identified by Non-targeted and Targeted Metabolomics Approaches}},
    year = {2016},
    journal = {SCIENTIFIC REPORTS},
    author = {Zhu, Yingdong and Wang, Pei and Sha, Wei and Sang, Shengmin},
    month = {11},
    volume = {6},
    doi = {10.1038/srep36278},
    issn = {2045-2322}
}

@article{Whitaker2003,
    title = {{What Enzymes Do and Why They Are Highly Specific and Efficient Catalysts}},
    year = {2003},
    journal = {Enzyme},
    author = {Whitaker, John R},
    isbn = {0-8247-0686-2},
    doi = {10.1201/9780203910450.ch3}
}

@article{Grace2017,
    title = {{When Will AI Exceed Human Performance? Evidence from AI Experts}},
    year = {2017},
    journal = {Cell},
    author = {Grace, Katja and Salvatier, John and Dafoe, Allan and Zhang, Baobao and Evans, Owain},
    number = {3},
    pages = {531--533},
    volume = {173},
    publisher = {Elsevier Inc.},
    url = {http://arxiv.org/abs/1705.08807},
    isbn = {4011029823},
    doi = {10.1016/j.cell.2018.04.007},
    issn = {0092-8674},
    arxivId = {1705.08807}
}

@article{ISI:000368049500015,
    title = {{Whole grain intake, determined by dietary records and plasma alkylresorcinol concentrations, is low among pregnant women in Singapore}},
    year = {2015},
    journal = {ASIA PACIFIC JOURNAL OF CLINICAL NUTRITION},
    author = {Ross, Alastair B and Colega, Marjorelee T and Lim, Ai Lin and Silva-Zolezzi, Irma and Mace, Katherine and Saw, Seang Mei and Kwek, Kenneth and Gluckman, Peter and Godfrey, Keith M and Chong, Yap-Seng and Chong, Mary F F},
    number = {4},
    month = {12},
    pages = {674--682},
    volume = {24},
    doi = {10.6133/apjcn.2015.24.4.19},
    issn = {0964-7058}
}

@article{ISI:000343662800061,
    title = {{Whole Grain Rye Intake, Reflected by a Biomarker, Is Associated with Favorable Blood Lipid Outcomes in Subjects with the Metabolic Syndrome - A Randomized Study}},
    year = {2014},
    journal = {PLOS ONE},
    author = {Magnusdottir, Ola Kally and Landberg, Rikard and Gunnarsdottir, Ingibjorg and Cloetens, Lieselotte and Akesson, Bjorn and Rosqvist, Fredrik and Schwab, Ursula and Herzig, Karl-Heinz and Hukkanen, Janne and Savolainen, Markku J and Brader, Lea and Hermansen, Kjeld and Kolehmainen, Marjukka and Poutanen, Kaisa and Uusitupa, Matti and Riserus, Ulf and Thorsdottir, Inga},
    number = {10},
    month = {10},
    volume = {9},
    doi = {10.1371/journal.pone.0110827},
    issn = {1932-6203}
}

@book{Moreno-Arribas2009,
    title = {{Wine chemistry and biochemistry}},
    year = {2009},
    booktitle = {Wine Chemistry and Biochemistry},
    author = {Moreno-Arribas, M. Victoria and Polo, M. Carmen},
    pages = {1--735},
    isbn = {9780387741161},
    doi = {10.1007/978-0-387-74118-5},
    issn = {1098-6596},
    pmid = {25246403},
    arxivId = {arXiv:1011.1669v3}
}

@book{Moreno-arribas2009b,
    title = {{Wine chemistry and biochemistry (Google eBook)}},
    year = {2009},
    author = {Moreno-arribas, M Victoria and Polo, M Carmen},
    pages = {735},
    url = {http://books.google.com/books?id=q_AkYRM-RR8C&pgis=1},
    isbn = {038774116X}
}

@article{Ciani2015,
    title = {{Yeast interactions in multi-starter wine fermentation}},
    year = {2015},
    journal = {Current Opinion in Food Science},
    author = {Ciani, Maurizio and Comitini, Francesca},
    month = {2},
    pages = {1--6},
    volume = {1},
    publisher = {Elsevier},
    url = {https://www.sciencedirect.com/science/article/pii/S2214799314000034?via%3Dihub},
    doi = {10.1016/J.COFS.2014.07.001},
    issn = {2214-7993}
}

@misc{Klug2014a,
    title = {{Yeast lipid metabolism at a glance}},
    year = {2014},
    booktitle = {FEMS Yeast Research},
    author = {Klug, Lisa and Daum, Günther},
    isbn = {1405107162},
    doi = {10.1111/1567-1364.12141},
    issn = {15671364},
    pmid = {24520995},
    keywords = {Fatty acids, Phospholipids, Saccharomyces cerevisiae, Sphingolipids, Sterols, Triacylglycerols}
}

@article{Klug2014,
    title = {{Yeast lipid metabolism at a glance}},
    year = {2014},
    journal = {FEMS Yeast Research},
    author = {Klug, Lisa and Daum, Günther},
    number = {3},
    pages = {369--388},
    volume = {14},
    isbn = {1405107162},
    doi = {10.1111/1567-1364.12141},
    issn = {15671364},
    pmid = {24520995},
    keywords = {Fatty acids, Phospholipids, Saccharomyces cerevisiae, Sphingolipids, Sterols, Triacylglycerols}
}

@book{FeldmannCytologist2012,
    title = {{Yeast, molecular and cell biology}},
    year = {2012},
    author = {Feldmann  (Cytologist), Horst},
    editor = {Feldmann  (Cytologist), Horst and Branduardi, Paola},
    edition = {2. complet},
    publisher = {Wiley-Blackwell},
    address = {Weinheim},
    keywords = {Yeast; Yeast - Cytology; Botany; Natural history;}
}

@article{MohdAzhar2017,
    title = {{Yeasts in sustainable bioethanol production: A review}},
    year = {2017},
    journal = {Biochemistry and Biophysics Reports},
    author = {Mohd Azhar, Siti Hajar and Abdulla, Rahmath and Jambo, Siti Azmah and Marbawi, Hartinie and Gansau, Jualang Azlan and Mohd Faik, Ainol Azifa and Rodrigues, Kenneth Francis},
    number = {March},
    pages = {52--61},
    volume = {10},
    doi = {10.1016/j.bbrep.2017.03.003},
    issn = {24055808},
    pmid = {29114570},
    keywords = {Bioethanol, Fermentation, Immobilization, Yeasts}
}

@misc{Newman2006AFoods,
    title = {{A brief history of barley foods}},
    year = {2006},
    booktitle = {Cereal Foods World},
    author = {Newman, C. W. and Newman, R. K.},
    isbn = {0146-6283},
    doi = {10.1094/CFW-51-0004},
    issn = {01466283}
}

@article{Scheltens2016AlzheimersDisease,
    title = {{Alzheimer's disease}},
    year = {2016},
    journal = {The Lancet},
    author = {Scheltens, Philip and Blennow, Kaj and Breteler, Monique M.B. and de Strooper, Bart and Frisoni, Giovanni B. and Salloway, Stephen and Van der Flier, Wiesje Maria},
    number = {10043},
    pages = {505--517},
    volume = {388},
    publisher = {Elsevier Ltd},
    isbn = {1474-547X (Electronic) 0140-6736 (Linking)},
    doi = {10.1016/S0140-6736(15)01124-1},
    issn = {1474547X},
    pmid = {26921134}
}

@article{Zverova2018AlzheimersUse.,
    title = {{Alzheimer's disease and blood-based biomarkers - potential contexts of use.}},
    year = {2018},
    journal = {Neuropsychiatric disease and treatment},
    author = {Zv{\v{e}}{\v{r}}ov{\'{a}}, Martina},
    pages = {1877--1882},
    volume = {14},
    publisher = {Dove Press},
    url = {http://www.ncbi.nlm.nih.gov/pubmed/30050302 http://www.pubmedcentral.nih.gov/articlerender.fcgi?artid=PMC6055879},
    doi = {10.2147/NDT.S172285},
    issn = {1176-6328},
    pmid = {30050302},
    keywords = {Alzheimer’s disease, beta amyloid, biomarker, cerebrospinal fluid, neurodegeneration, tau protein}
}

@misc{CarbonMetabolism.Pdf,
    title = {{Carbon Metabolism.Pdf}}
}

@article{Rutishauser2005DietaryMeasurements.,
    title = {{Dietary intake measurements.}},
    year = {2005},
    journal = {Public health nutrition},
    author = {Rutishauser, Ingrid H E},
    number = {7A},
    month = {10},
    pages = {1100--1107},
    volume = {8},
    issn = {1368-9800 (Print)},
    pmid = {16277822},
    keywords = {Biomarkers, Diet, Diet Records, Energy Intake, Humans, Mental Recall, Nutrition Assessment, Nutritional Requirements, Reproducibility of Results, Sensitivity and Specificity, analysis},
    language = {eng}
}

@article{OBryant2015GuidelinesResearch,
    title = {{Guidelines for the standardization of preanalytic variables for blood-based biomarker studies in Alzheimer's disease research}},
    year = {2015},
    journal = {Alzheimer's and Dementia},
    author = {O'Bryant, Sid E. and Gupta, Veer and Henriksen, Kim and Edwards, Melissa and Jeromin, Andreas and Lista, Simone and Bazenet, Chantal and Soares, Holly and Lovestone, Simon and Hampel, Harald and Montine, Thomas and Blennow, Kaj and Foroud, Tatiana and Carrillo, Maria and Graff-Radford, Neill and Laske, Christoph and Breteler, Monique and Shaw, Leslie and Trojanowski, John Q. and Schupf, Nicole and Rissman, Robert A. and Fagan, Anne M. and Oberoi, Pankaj and Umek, Robert and Weiner, Michael W. and Grammas, Paula and Posner, Holly and Martins, Ralph},
    number = {5},
    pages = {549--560},
    volume = {11},
    isbn = {1552-5260},
    doi = {10.1016/j.jalz.2014.08.099},
    issn = {15525279},
    pmid = {25282381},
    keywords = {Alzheimer's disease, Biomarkers, Blood, Dementia, Diagnosis, Plasma, Serum, Treatment}
}

@article{Zheng2012LettersEditor,
    title = {{Letters to the Editor}},
    year = {2012},
    journal = {American journal of clinical nutrition},
    author = {Zheng, Liang and Zou, Liling and Xiu, Jianfeng and Li, Jue},
    number = {1},
    pages = {1150--1154},
    volume = {96},
    doi = {10.3945/ajcn.112.046060.Reply}
}

@article{Barri2012MetabolicCoverage.,
    title = {{Metabolic fingerprinting of high-fat plasma samples processed by centrifugation-  and filtration-based protein precipitation delineates significant differences in metabolite information coverage.}},
    year = {2012},
    journal = {Analytica chimica acta},
    author = {Barri, Thaer and Holmer-Jensen, Jens and Hermansen, Kjeld and Dragsted, Lars O},
    month = {3},
    pages = {47--57},
    volume = {718},
    doi = {10.1016/j.aca.2011.12.065},
    issn = {1873-4324 (Electronic)},
    pmid = {22305897},
    keywords = {Blood Proteins, Centrifugation, Chemical Precipitation, Fasting, Fats, Female, Filtration, Humans, Male, Metabolomics, Plasma, Postprandial Period, blood, isolation {\&} purification, metabolism, methods},
    language = {eng}
}

@article{Guasch-Ferre2017PlasmaStudy,
    title = {{Plasma metabolites from choline pathway and risk of cardiovascular disease in the PREDIMED (Prevention with Mediterranean Diet) study}},
    year = {2017},
    journal = {Journal of the American Heart Association},
    author = {Guasch-Ferr{\'{e}}, Marta and Hu, Frank B. and Ruiz-Canela, Miguel and Bull{\'{o}}, Mònica and Toledo, Estefanía and Wang, Dong D. and Corella, Dolores and G{\'{o}}mez-Gracia, Enrique and Fiol, Miquel and Estruch, Ramon and Lapetra, José and Fit{\'{o}}, Montserrat and Ar{\'{o}}s, Fernando and Serra-Majem, Lluís and Ros, Emilio and Dennis, Courtney and Liang, Liming and Clish, Clary B. and Mart{\'{i}}nez-Gonz{\'{a}}lez, Miguel A. and Salas-Salvad{\'{o}}, Jordi},
    number = {11},
    volume = {6},
    doi = {10.1161/JAHA.117.006524},
    issn = {20479980},
    pmid = {29080862},
    keywords = {Cardiovascular disease, Choline, Gut microbiota, Mediterranean diet, Metabolomics}
}

@article{Gurdeniz2012TheRats,
    title = {{The effect of LC-MS data preprocessing methods on the selection of plasma biomarkers in fed vs. fasted rats}},
    year = {2012},
    journal = {Metabolites},
    author = {G{\"{u}}rdeniz, Gözde and Kristensen, Mette and Skov, Thomas and Dragsted, Lars O.},
    isbn = {2218-1989},
    doi = {10.3390/metabo2010077},
    issn = {22181989},
    pmid = {24957369},
    keywords = {Biomarkers, Data pre-processing, LC-QTOF, MZmine, MarkerLynx, Rat plasma, XCMS}
}

@misc{Henriksen2014TheDisease,
    title = {{The future of blood-based biomarkers for Alzheimer's disease}},
    year = {2014},
    booktitle = {Alzheimer's and Dementia},
    author = {Henriksen, Kim and O'Bryant, Sid E. and Hampel, Harald and Trojanowski, John Q. and Montine, Thomas J. and Jeromin, Andreas and Blennow, Kaj and L{\"{o}}nneborg, Anders and Wyss-Coray, Tony and Soares, Holly and Bazenet, Chantal and Sj{\"{o}}gren, Magnus and Hu, William and Lovestone, Simon and Karsdal, Morten A. and Weiner, Michael W.},
    isbn = {1552-5260 DO - http://dx.doi.org/10.1016/j.jalz.2013.01.013},
    doi = {10.1016/j.jalz.2013.01.013},
    issn = {15525260},
    pmid = {23850333},
    arxivId = {NIHMS150003},
    keywords = {Alzheimer's disease, Biomarkers, Blood, Plasma, Serum}
}

@article{Worley2013UtilitiesPlots.,
    title = {{Utilities for quantifying separation in PCA/PLS-DA scores plots.}},
    year = {2013},
    journal = {Analytical biochemistry},
    author = {Worley, Bradley and Halouska, Steven and Powers, Robert},
    number = {2},
    month = {2},
    pages = {102--104},
    volume = {433},
    doi = {10.1016/j.ab.2012.10.011},
    issn = {1096-0309 (Electronic)},
    pmid = {23079505},
    keywords = {Metabolome, Metabolomics, Models, Theoretical, Software, methods, physiology},
    language = {eng}
}

@incollection{2012YeastFunctions,
    title = {{Yeast Cell Architecture and Functions}},
    year = {2012},
    booktitle = {Yeast},
    isbn = {9783527659180},
    doi = {10.1002/9783527659180.ch2}
}